timestamp,side,price,size,age,event
2026-03-02 08:00:04.888,bid,24812.25,50,6,removed
2026-03-02 08:00:04.888,ask,24847.5,30,1,removed
2026-03-02 08:00:05.944,ask,24849.25,30,0,removed
2026-03-02 08:00:07.248,bid,24812.25,50,0,removed
2026-03-02 08:00:07.248,ask,24855.25,50,0,removed
2026-03-02 08:00:13.304,bid,24812.25,50,0,removed
2026-03-02 08:00:14.732,ask,24849.75,40,1,removed
2026-03-02 08:00:17.620,bid,24829.25,50,1,removed
2026-03-02 08:00:18.184,ask,24850.0,30,1,removed
2026-03-02 08:00:18.764,ask,24853.5,30,0,removed
2026-03-02 08:00:20.484,bid,24837.0,10,0,removed
2026-03-02 08:00:20.484,ask,24855.25,90,1,removed
2026-03-02 08:00:22.728,ask,24853.5,30,1,removed
2026-03-02 08:00:23.856,bid,24834.75,30,1,removed
2026-03-02 08:00:25.932,ask,24855.5,60,3,removed
2026-03-02 08:00:31.076,ask,24851.5,50,0,removed
2026-03-02 08:00:32.148,bid,24825.25,50,5,removed
2026-03-02 08:00:34.896,bid,24827.5,30,1,removed
2026-03-02 08:00:39.876,ask,24845.5,10,0,removed
2026-03-02 08:00:47.832,bid,24827.5,30,6,removed
2026-03-02 08:00:54.036,bid,24821.25,50,0,removed
2026-03-02 08:00:56.924,bid,24821.25,50,0,removed
2026-03-02 08:00:58.024,ask,24843.5,50,0,removed
2026-03-02 08:01:00.708,bid,24825.25,50,0,removed
2026-03-02 08:01:00.708,ask,24847.5,50,0,removed
2026-03-02 08:01:01.280,bid,24823.0,30,0,removed
2026-03-02 08:01:02.456,ask,24846.5,30,0,removed
2026-03-02 08:01:04.140,bid,24812.0,50,0,removed
2026-03-02 08:01:04.140,bid,24825.5,50,0,removed
2026-03-02 08:01:04.140,ask,24846.0,30,0,removed
2026-03-02 08:01:05.376,bid,24825.5,80,0,removed
2026-03-02 08:01:07.024,ask,24847.25,50,0,removed
2026-03-02 08:01:11.296,bid,24823.0,30,2,removed
2026-03-02 08:01:12.760,bid,24806.75,50,1,removed
2026-03-02 08:01:17.720,ask,24843.25,50,2,removed
2026-03-02 08:01:19.288,ask,24847.5,50,0,removed
2026-03-02 08:01:20.504,bid,24825.75,50,1,removed
2026-03-02 08:01:26.884,bid,24825.0,69,3,removed
2026-03-02 08:01:26.884,ask,24847.5,50,5,removed
2026-03-02 08:01:27.544,bid,24825.25,30,0,removed
2026-03-02 08:01:29.372,ask,24847.5,50,1,removed
2026-03-02 08:01:31.768,ask,24847.5,50,0,removed
2026-03-02 08:01:32.784,ask,24843.5,50,0,removed
2026-03-02 08:01:35.068,ask,24843.5,50,0,removed
2026-03-02 08:01:37.164,bid,24825.25,30,3,removed
2026-03-02 08:01:38.940,bid,24827.0,30,0,removed
2026-03-02 08:01:38.940,ask,24847.5,50,7,removed
2026-03-02 08:01:41.620,ask,24851.5,50,1,removed
2026-03-02 08:01:47.064,ask,24851.5,50,0,removed
2026-03-02 08:01:48.936,ask,24850.0,30,0,removed
2026-03-02 08:01:50.924,bid,24821.75,50,1,removed
2026-03-02 08:01:57.472,bid,24825.0,69,0,removed
2026-03-02 08:01:58.268,ask,24847.5,50,3,removed
2026-03-02 08:01:59.760,bid,24819.5,30,0,removed
2026-03-02 08:02:03.104,bid,24817.75,50,0,removed
2026-03-02 08:02:05.016,bid,24820.5,30,0,removed
2026-03-02 08:02:05.016,bid,24821.25,30,0,removed
2026-03-02 08:02:06.192,ask,24839.5,30,0,removed
2026-03-02 08:02:08.008,bid,24813.5,50,0,removed
2026-03-02 08:02:08.008,ask,24837.75,30,1,removed
2026-03-02 08:02:14.508,ask,24837.75,30,4,removed
2026-03-02 08:02:15.968,ask,24839.0,30,0,removed
2026-03-02 08:02:16.740,ask,24838.75,10,0,removed
2026-03-02 08:02:18.992,ask,24839.25,50,0,removed
2026-03-02 08:02:19.628,bid,24816.5,50,0,removed
2026-03-02 08:02:26.392,bid,24816.5,50,3,removed
2026-03-02 08:02:26.392,ask,24835.5,40,4,removed
2026-03-02 08:02:30.748,bid,24816.25,60,1,removed
2026-03-02 08:02:31.068,bid,24814.25,30,0,removed
2026-03-02 08:02:31.068,ask,24837.5,30,2,removed
2026-03-02 08:02:32.608,ask,24839.25,50,0,removed
2026-03-02 08:02:33.352,bid,24798.75,50,0,removed
2026-03-02 08:02:34.632,bid,24816.25,50,0,removed
2026-03-02 08:02:34.632,ask,24837.75,30,0,removed
2026-03-02 08:02:39.424,bid,24816.25,50,3,removed
2026-03-02 08:02:40.428,ask,24838.0,30,0,removed
2026-03-02 08:02:41.124,bid,24819.5,30,0,removed
2026-03-02 08:02:44.884,ask,24843.25,50,2,removed
2026-03-02 08:02:46.080,ask,24840.0,30,0,removed
2026-03-02 08:02:47.388,bid,24819.5,30,2,removed
2026-03-02 08:02:49.084,bid,24804.0,50,0,removed
2026-03-02 08:02:50.120,bid,24819.5,30,0,removed
2026-03-02 08:02:51.800,bid,24820.25,50,0,removed
2026-03-02 08:02:55.328,bid,24820.25,50,0,removed
2026-03-02 08:02:55.328,ask,24837.75,10,0,removed
2026-03-02 08:02:57.436,bid,24821.25,40,0,removed
2026-03-02 08:02:57.436,bid,24820.25,50,0,removed
2026-03-02 08:03:00.120,bid,24820.25,50,1,removed
2026-03-02 08:03:00.936,bid,24821.0,30,1,removed
2026-03-02 08:03:15.664,bid,24821.25,40,9,removed
2026-03-02 08:03:15.664,ask,24841.5,31,18,removed
2026-03-02 08:03:16.408,ask,24842.5,30,0,removed
2026-03-02 08:03:17.300,bid,24816.25,50,0,removed
2026-03-02 08:03:18.900,ask,24842.5,40,1,removed
2026-03-02 08:03:21.120,bid,24824.25,50,0,removed
2026-03-02 08:03:21.240,bid,24826.75,40,0,removed
2026-03-02 08:03:21.240,ask,24847.25,50,1,removed
2026-03-02 08:03:21.264,bid,24809.25,50,0,removed
2026-03-02 08:03:21.268,bid,24826.75,40,0,removed
2026-03-02 08:03:21.284,bid,24809.25,50,4,removed
2026-03-02 08:03:21.284,bid,24826.75,40,0,removed
2026-03-02 08:03:21.284,ask,24847.25,50,2,removed
2026-03-02 08:03:21.412,bid,24824.25,50,0,removed
2026-03-02 08:03:24.212,ask,24847.25,50,3,removed
2026-03-02 08:03:27.260,bid,24826.75,40,19,removed
2026-03-02 08:03:27.956,ask,24849.5,30,1,removed
2026-03-02 08:03:29.048,ask,24849.5,30,0,removed
2026-03-02 08:03:30.636,ask,24851.25,50,0,removed
2026-03-02 08:03:33.132,bid,24814.5,50,0,removed
2026-03-02 08:03:33.132,ask,24848.5,30,0,removed
2026-03-02 08:03:34.480,bid,24826.0,30,0,removed
2026-03-02 08:03:34.920,ask,24848.5,30,0,removed
2026-03-02 08:03:38.000,ask,24847.25,50,1,removed
2026-03-02 08:03:38.440,bid,24809.25,50,0,removed
2026-03-02 08:03:39.772,ask,24847.25,50,0,removed
2026-03-02 08:03:39.772,ask,24846.75,40,0,removed
2026-03-02 08:03:43.752,bid,24809.25,50,0,removed
2026-03-02 08:03:46.668,bid,24824.75,30,1,removed
2026-03-02 08:03:46.668,ask,24845.0,30,3,removed
2026-03-02 08:03:49.424,bid,24809.25,50,1,removed
2026-03-02 08:03:52.096,ask,24846.75,30,4,removed
2026-03-02 08:03:53.224,ask,24847.25,50,1,removed
2026-03-02 08:03:54.220,bid,24826.5,30,0,removed
2026-03-02 08:03:56.332,ask,24846.75,30,0,removed
2026-03-02 08:03:57.280,ask,24847.25,50,0,removed
2026-03-02 08:03:58.168,ask,24846.75,30,0,removed
2026-03-02 08:03:59.408,ask,24843.25,80,0,removed
2026-03-02 08:04:03.344,bid,24820.25,50,4,removed
2026-03-02 08:04:05.140,ask,24843.25,80,6,removed
2026-03-02 08:04:07.504,ask,24841.5,30,1,removed
2026-03-02 08:04:09.036,ask,24841.5,30,0,removed
2026-03-02 08:04:10.788,bid,24803.75,50,0,removed
2026-03-02 08:04:10.788,ask,24843.25,50,1,removed
2026-03-02 08:04:11.584,ask,24839.75,30,0,removed
2026-03-02 08:04:12.280,ask,24843.25,50,0,removed
2026-03-02 08:04:13.028,ask,24839.75,30,0,removed
2026-03-02 08:04:14.644,bid,24820.25,50,10,removed
2026-03-02 08:04:16.032,ask,24839.0,50,3,removed
2026-03-02 08:04:18.032,ask,24839.0,50,0,removed
2026-03-02 08:04:18.032,ask,24843.0,50,0,removed
2026-03-02 08:04:20.240,ask,24839.75,30,2,removed
2026-03-02 08:04:21.844,bid,24820.25,50,2,removed
2026-03-02 08:04:21.844,ask,24843.0,50,0,removed
2026-03-02 08:04:23.768,bid,24820.25,50,0,removed
2026-03-02 08:04:23.768,ask,24839.75,30,1,removed
2026-03-02 08:04:24.956,ask,24843.0,50,0,removed
2026-03-02 08:04:29.124,bid,24820.25,50,1,removed
2026-03-02 08:04:29.608,ask,24839.75,30,0,removed
2026-03-02 08:04:33.096,bid,24820.25,50,2,removed
2026-03-02 08:04:34.420,bid,24824.0,10,1,removed
2026-03-02 08:04:34.420,ask,24841.5,30,4,removed
2026-03-02 08:04:35.880,bid,24809.0,50,1,removed
2026-03-02 08:04:39.196,ask,24841.5,30,2,removed
2026-03-02 08:04:41.580,bid,24809.0,50,1,removed
2026-03-02 08:04:41.580,ask,24847.0,53,2,removed
2026-03-02 08:04:45.048,bid,24823.25,30,2,removed
2026-03-02 08:04:47.892,bid,24822.75,30,1,removed
2026-03-02 08:04:52.572,bid,24820.75,41,1,removed
2026-03-02 08:04:53.992,bid,24822.5,30,0,removed
2026-03-02 08:04:55.824,bid,24824.0,10,0,removed
2026-03-02 08:04:55.824,bid,24828.75,10,0,removed
2026-03-02 08:04:59.360,bid,24809.0,50,1,removed
2026-03-02 08:05:00.128,bid,24824.0,10,0,removed
2026-03-02 08:05:00.128,bid,24827.0,10,0,removed
2026-03-02 08:05:00.744,ask,24842.75,95,14,removed
2026-03-02 08:05:01.152,bid,24809.0,50,0,removed
2026-03-02 08:05:01.724,bid,24824.25,50,0,removed
2026-03-02 08:05:01.724,ask,24842.75,65,0,removed
2026-03-02 08:05:02.008,ask,24842.5,42,0,removed
2026-03-02 08:05:07.820,bid,24825.25,30,1,removed
2026-03-02 08:05:08.828,bid,24827.0,30,0,removed
2026-03-02 08:05:08.828,ask,24850.75,50,0,removed
2026-03-02 08:05:09.380,bid,24809.0,50,0,removed
2026-03-02 08:05:10.004,ask,24850.75,50,0,removed
2026-03-02 08:05:21.292,bid,24824.25,60,9,removed
2026-03-02 08:05:26.912,ask,24853.0,30,0,removed
2026-03-02 08:05:28.008,ask,24854.75,50,0,removed
2026-03-02 08:05:29.472,ask,24859.5,50,2,removed
2026-03-02 08:05:31.444,ask,24859.5,50,1,removed
2026-03-02 08:05:32.704,ask,24856.0,40,1,removed
2026-03-02 08:05:38.796,ask,24853.75,30,0,removed
2026-03-02 08:05:40.920,ask,24853.75,30,0,removed
2026-03-02 08:05:48.052,ask,24855.5,50,1,removed
2026-03-02 08:05:48.412,ask,24852.0,30,0,removed
2026-03-02 08:05:50.736,ask,24853.75,30,1,removed
2026-03-02 08:05:52.664,bid,24832.0,50,0,removed
2026-03-02 08:05:54.392,ask,24853.75,30,1,removed
2026-03-02 08:05:58.568,bid,24832.0,50,0,removed
2026-03-02 08:05:58.568,ask,24855.5,50,2,removed
2026-03-02 08:06:02.260,bid,24832.0,50,0,removed
2026-03-02 08:06:05.960,ask,24853.5,30,1,removed
2026-03-02 08:06:06.652,bid,24833.75,40,1,removed
2026-03-02 08:06:06.652,ask,24855.5,50,0,removed
2026-03-02 08:06:09.124,ask,24854.0,40,1,removed
2026-03-02 08:06:10.208,bid,24819.5,50,0,removed
2026-03-02 08:06:13.068,ask,24854.0,40,1,removed
2026-03-02 08:06:17.708,ask,24854.25,30,1,removed
2026-03-02 08:06:31.076,bid,24819.5,50,1,removed
2026-03-02 08:06:31.076,ask,24859.5,50,5,removed
2026-03-02 08:06:33.896,ask,24862.0,30,0,removed
2026-03-02 08:06:35.012,bid,24840.0,50,0,removed
2026-03-02 08:06:37.884,bid,24844.0,50,0,removed
2026-03-02 08:06:38.756,bid,24830.0,50,1,removed
2026-03-02 08:06:38.756,ask,24867.75,50,0,removed
2026-03-02 08:06:39.192,ask,24866.25,30,0,removed
2026-03-02 08:06:41.748,ask,24871.75,50,1,removed
2026-03-02 08:06:46.112,ask,24867.75,50,0,removed
2026-03-02 08:06:49.300,bid,24830.0,50,10,removed
2026-03-02 08:06:49.300,ask,24867.75,50,1,removed
2026-03-02 08:06:53.140,bid,24830.0,50,0,removed
2026-03-02 08:06:53.140,ask,24871.75,50,0,removed
2026-03-02 08:06:54.560,ask,24870.75,40,0,removed
2026-03-02 08:06:56.744,ask,24884.5,50,0,removed
2026-03-02 08:06:58.268,ask,24870.75,40,1,removed
2026-03-02 08:07:01.412,ask,24884.5,50,0,removed
2026-03-02 08:07:01.900,bid,24834.75,50,8,removed
2026-03-02 08:07:01.900,ask,24870.75,41,0,removed
2026-03-02 08:07:04.496,bid,24852.25,90,2,removed
2026-03-02 08:07:04.496,ask,24875.75,50,3,removed
2026-03-02 08:07:05.304,bid,24851.25,10,0,removed
2026-03-02 08:07:07.292,bid,24851.75,30,0,removed
2026-03-02 08:07:12.044,bid,24849.25,30,2,removed
2026-03-02 08:07:12.044,ask,24871.75,80,2,removed
2026-03-02 08:07:12.424,ask,24867.5,10,0,removed
2026-03-02 08:07:13.400,ask,24884.5,50,1,removed
2026-03-02 08:07:13.840,bid,24844.25,50,1,removed
2026-03-02 08:07:13.840,ask,24867.75,50,0,removed
2026-03-02 08:07:15.856,bid,24848.0,10,2,removed
2026-03-02 08:07:17.856,bid,24848.0,10,0,removed
2026-03-02 08:07:17.856,ask,24868.25,30,1,removed
2026-03-02 08:07:21.376,ask,24867.75,50,0,removed
2026-03-02 08:07:22.276,bid,24825.0,98,1,removed
2026-03-02 08:07:26.552,bid,24825.0,98,0,removed
2026-03-02 08:07:31.524,ask,24871.75,50,0,removed
2026-03-02 08:07:31.932,bid,24825.0,98,1,removed
2026-03-02 08:07:33.760,ask,24871.75,50,0,removed
2026-03-02 08:07:38.128,bid,24825.0,98,2,removed
2026-03-02 08:07:38.128,ask,24870.25,30,2,removed
2026-03-02 08:07:39.548,ask,24870.75,40,0,removed
2026-03-02 08:07:42.248,bid,24825.0,98,1,removed
2026-03-02 08:07:42.248,ask,24871.5,30,0,removed
2026-03-02 08:07:49.580,ask,24884.5,50,3,removed
2026-03-02 08:07:51.524,bid,24825.0,98,3,removed
2026-03-02 08:07:52.700,bid,24834.75,50,0,removed
2026-03-02 08:07:52.700,ask,24871.5,30,1,removed
2026-03-02 08:07:53.840,ask,24884.5,50,0,removed
2026-03-02 08:07:54.932,bid,24825.0,98,0,removed
2026-03-02 08:07:56.064,bid,24852.25,60,0,removed
2026-03-02 08:07:56.064,ask,24874.0,30,1,removed
2026-03-02 08:08:04.628,bid,24825.0,98,0,removed
2026-03-02 08:08:06.068,ask,24875.75,50,0,removed
2026-03-02 08:08:07.096,ask,24891.25,50,0,removed
2026-03-02 08:08:11.380,ask,24875.75,50,1,removed
2026-03-02 08:08:12.460,bid,24825.0,98,0,removed
2026-03-02 08:08:15.848,bid,24825.0,98,0,removed
2026-03-02 08:08:20.472,bid,24840.0,50,1,removed
2026-03-02 08:08:20.472,ask,24875.75,50,0,removed
2026-03-02 08:08:21.172,ask,24873.5,30,0,removed
2026-03-02 08:08:22.108,bid,24825.0,98,0,removed
2026-03-02 08:08:22.108,ask,24875.75,50,0,removed
2026-03-02 08:08:24.928,bid,24840.0,50,0,removed
2026-03-02 08:08:24.928,ask,24875.25,30,1,removed
2026-03-02 08:08:26.012,bid,24825.0,98,0,removed
2026-03-02 08:08:26.012,ask,24875.5,10,0,removed
2026-03-02 08:08:26.956,ask,24891.25,50,0,removed
2026-03-02 08:08:29.220,ask,24876.5,30,1,removed
2026-03-02 08:08:32.156,ask,24875.75,50,1,removed
2026-03-02 08:08:34.000,bid,24853.75,30,0,removed
2026-03-02 08:08:34.000,ask,24875.75,50,0,removed
2026-03-02 08:08:39.200,ask,24886.0,50,1,removed
2026-03-02 08:08:40.500,bid,24825.0,98,0,removed
2026-03-02 08:08:42.088,bid,24829.5,50,0,removed
2026-03-02 08:08:43.124,bid,24825.0,98,0,removed
2026-03-02 08:08:43.124,ask,24866.25,30,0,removed
2026-03-02 08:08:48.952,bid,24829.5,50,0,removed
2026-03-02 08:08:48.952,ask,24867.5,30,0,removed
2026-03-02 08:08:50.256,bid,24834.75,50,0,removed
2026-03-02 08:08:52.872,bid,24825.0,98,1,removed
2026-03-02 08:08:52.872,ask,24872.0,51,2,removed
2026-03-02 08:08:55.256,ask,24886.0,50,0,removed
2026-03-02 08:08:56.928,ask,24868.75,10,1,removed
2026-03-02 08:08:59.580,bid,24834.75,50,4,removed
2026-03-02 08:09:01.736,bid,24834.75,50,0,removed
2026-03-02 08:09:02.336,ask,24886.0,50,3,removed
2026-03-02 08:09:03.304,bid,24834.75,50,0,removed
2026-03-02 08:09:05.920,ask,24872.25,10,1,removed
2026-03-02 08:09:07.720,ask,24886.0,50,0,removed
2026-03-02 08:09:11.240,bid,24825.0,98,2,removed
2026-03-02 08:09:11.240,ask,24872.25,10,1,removed
2026-03-02 08:09:11.684,ask,24876.25,50,0,removed
2026-03-02 08:09:13.232,bid,24851.75,50,1,removed
2026-03-02 08:09:14.896,bid,24825.0,98,1,removed
2026-03-02 08:09:14.896,ask,24876.25,50,0,removed
2026-03-02 08:09:16.380,ask,24886.0,50,0,removed
2026-03-02 08:09:17.340,bid,24851.75,50,1,removed
2026-03-02 08:09:20.804,bid,24825.0,98,2,removed
2026-03-02 08:09:31.124,ask,24886.0,50,0,removed
2026-03-02 08:09:32.900,ask,24872.5,30,0,removed
2026-03-02 08:09:33.464,bid,24840.0,50,7,removed
2026-03-02 08:09:34.192,bid,24825.0,98,0,removed
2026-03-02 08:09:34.192,ask,24891.5,50,0,removed
2026-03-02 08:09:35.212,bid,24840.0,50,0,removed
2026-03-02 08:09:36.748,ask,24876.25,50,1,removed
2026-03-02 08:09:38.956,ask,24876.0,30,0,removed
2026-03-02 08:09:40.292,bid,24825.0,98,2,removed
2026-03-02 08:09:40.292,ask,24876.25,50,0,removed
2026-03-02 08:09:42.136,bid,24840.0,50,1,removed
2026-03-02 08:09:42.944,bid,24825.0,98,0,removed
2026-03-02 08:09:43.660,bid,24853.25,30,0,removed
2026-03-02 08:09:44.252,bid,24852.25,40,0,removed
2026-03-02 08:09:46.156,bid,24825.0,98,1,removed
2026-03-02 08:09:54.712,bid,24847.75,50,9,removed
2026-03-02 08:09:56.420,ask,24868.0,50,1,removed
2026-03-02 08:10:05.548,bid,24843.75,50,0,removed
2026-03-02 08:10:05.548,bid,24829.5,50,0,removed
2026-03-02 08:10:07.144,bid,24843.75,50,0,removed
2026-03-02 08:10:07.144,bid,24829.5,50,0,removed
2026-03-02 08:10:17.348,ask,24867.75,30,1,removed
2026-03-02 08:10:18.000,ask,24867.25,30,0,removed
2026-03-02 08:10:19.068,ask,24881.0,50,0,removed
2026-03-02 08:10:19.680,bid,24829.5,50,2,removed
2026-03-02 08:10:26.540,bid,24847.25,30,2,removed
2026-03-02 08:10:26.540,ask,24867.75,30,2,removed
2026-03-02 08:10:28.104,bid,24847.25,30,0,removed
2026-03-02 08:10:28.104,ask,24866.0,30,1,removed
2026-03-02 08:10:29.664,bid,24847.25,30,0,removed
2026-03-02 08:10:31.284,ask,24865.5,30,1,removed
2026-03-02 08:10:31.652,bid,24847.25,30,0,removed
2026-03-02 08:10:36.932,ask,24864.0,50,1,removed
2026-03-02 08:10:43.968,bid,24839.75,50,9,removed
2026-03-02 08:10:43.968,ask,24865.5,30,3,removed
2026-03-02 08:10:45.440,ask,24860.0,50,0,removed
2026-03-02 08:10:46.288,bid,24835.75,50,1,removed
2026-03-02 08:10:48.836,bid,24835.75,50,0,removed
2026-03-02 08:10:50.484,bid,24835.75,50,0,removed
2026-03-02 08:10:50.484,ask,24860.0,50,3,removed
2026-03-02 08:10:51.604,ask,24859.0,40,0,removed
2026-03-02 08:10:56.232,ask,24859.0,40,0,removed
2026-03-02 08:10:56.852,bid,24835.75,50,2,removed
2026-03-02 08:11:00.064,ask,24862.5,30,0,removed
2026-03-02 08:11:03.396,bid,24839.75,50,4,removed
2026-03-02 08:11:05.992,ask,24861.0,30,0,removed
2026-03-02 08:11:06.704,ask,24862.0,10,0,removed
2026-03-02 08:11:07.964,bid,24839.75,50,0,removed
2026-03-02 08:11:07.964,ask,24863.25,30,0,removed
2026-03-02 08:11:08.312,bid,24841.25,30,0,removed
2026-03-02 08:11:08.484,ask,24869.0,50,0,removed
2026-03-02 08:11:08.768,ask,24868.5,10,0,removed
2026-03-02 08:11:09.292,bid,24846.5,30,1,removed
2026-03-02 08:11:10.044,ask,24868.5,10,0,removed
2026-03-02 08:11:11.016,bid,24848.0,50,1,removed
2026-03-02 08:11:12.484,bid,24844.0,50,0,removed
2026-03-02 08:11:12.484,ask,24868.5,10,0,removed
2026-03-02 08:11:19.080,ask,24868.5,10,1,removed
2026-03-02 08:11:19.768,ask,24881.0,50,0,removed
2026-03-02 08:11:20.164,bid,24844.0,50,3,removed
2026-03-02 08:11:21.504,ask,24868.5,10,2,removed
2026-03-02 08:11:22.624,ask,24881.0,50,0,removed
2026-03-02 08:11:23.760,ask,24868.5,10,0,removed
2026-03-02 08:11:25.380,bid,24847.5,40,4,removed
2026-03-02 08:11:29.212,bid,24847.5,40,0,removed
2026-03-02 08:11:29.212,ask,24868.5,10,1,removed
2026-03-02 08:11:31.056,ask,24881.0,50,0,removed
2026-03-02 08:11:31.708,bid,24829.5,50,2,removed
2026-03-02 08:11:31.708,ask,24866.25,30,0,removed
2026-03-02 08:11:34.868,ask,24868.75,10,1,removed
2026-03-02 08:11:38.724,ask,24867.0,30,0,removed
2026-03-02 08:11:40.856,bid,24847.5,40,0,removed
2026-03-02 08:11:44.712,bid,24847.5,40,0,removed
2026-03-02 08:11:46.552,ask,24867.0,30,0,removed
2026-03-02 08:11:52.416,bid,24847.5,40,2,removed
2026-03-02 08:11:55.600,ask,24868.75,10,0,removed
2026-03-02 08:11:57.264,ask,24866.5,30,0,removed
2026-03-02 08:12:02.084,ask,24865.0,50,0,removed
2026-03-02 08:12:03.388,ask,24861.0,80,0,removed
2026-03-02 08:12:06.080,ask,24861.0,80,0,removed
2026-03-02 08:12:09.788,ask,24861.0,50,1,removed
2026-03-02 08:12:19.880,bid,24829.5,50,3,removed
2026-03-02 08:12:19.880,bid,24824.25,50,3,removed
2026-03-02 08:12:23.428,bid,24829.5,50,0,removed
2026-03-02 08:12:23.428,bid,24824.25,50,0,removed
2026-03-02 08:12:26.764,ask,24861.0,50,1,removed
2026-03-02 08:12:46.164,ask,24865.0,50,8,removed
2026-03-02 08:12:49.540,bid,24824.25,50,6,removed
2026-03-02 08:12:55.464,ask,24865.0,50,0,removed
2026-03-02 08:12:59.812,ask,24861.5,30,0,removed
2026-03-02 08:13:11.192,bid,24824.25,50,3,removed
2026-03-02 08:13:11.192,ask,24859.75,30,0,removed
2026-03-02 08:13:14.264,bid,24824.25,50,0,removed
2026-03-02 08:13:24.228,ask,24858.75,11,0,removed
2026-03-02 08:13:25.912,bid,24824.25,50,2,removed
2026-03-02 08:13:29.568,ask,24863.5,30,1,removed
2026-03-02 08:13:31.200,bid,24835.75,50,0,removed
2026-03-02 08:13:31.200,ask,24860.0,30,0,removed
2026-03-02 08:13:40.808,ask,24870.5,50,2,removed
2026-03-02 08:13:43.020,bid,24819.0,50,4,removed
2026-03-02 08:13:50.920,bid,24835.75,50,3,removed
2026-03-02 08:13:55.372,ask,24875.75,50,0,removed
2026-03-02 08:14:01.972,bid,24824.25,50,1,removed
2026-03-02 08:14:03.364,bid,24831.75,50,0,removed
2026-03-02 08:14:18.352,ask,24855.75,30,1,removed
2026-03-02 08:14:20.116,ask,24870.5,50,0,removed
2026-03-02 08:14:30.840,ask,24859.25,30,0,removed
2026-03-02 08:14:44.556,ask,24870.5,50,1,removed
2026-03-02 08:14:46.980,ask,24858.75,10,0,removed
2026-03-02 08:14:48.596,ask,24875.75,50,0,removed
2026-03-02 08:14:59.604,ask,24858.75,10,2,removed
2026-03-02 08:15:01.508,bid,24831.75,50,0,removed
2026-03-02 08:15:01.508,bid,24824.25,50,0,removed
2026-03-02 08:15:10.472,bid,24836.25,30,2,removed
2026-03-02 08:15:11.044,bid,24824.25,50,0,removed
2026-03-02 08:15:11.044,ask,24855.5,10,1,removed
2026-03-02 08:15:14.208,bid,24836.25,30,2,removed
2026-03-02 08:15:15.436,bid,24824.25,50,0,removed
2026-03-02 08:15:15.792,bid,24836.25,30,0,removed
2026-03-02 08:15:16.596,ask,24858.75,10,0,removed
2026-03-02 08:15:18.268,bid,24838.0,30,1,removed
2026-03-02 08:15:19.504,bid,24839.75,30,1,removed
2026-03-02 08:15:22.876,bid,24824.25,50,4,removed
2026-03-02 08:15:23.964,bid,24825.0,98,0,removed
2026-03-02 08:15:26.488,bid,24824.25,50,1,removed
2026-03-02 08:15:29.280,bid,24825.0,98,0,removed
2026-03-02 08:15:30.964,bid,24824.25,50,0,removed
2026-03-02 08:15:30.964,ask,24859.25,30,14,removed
2026-03-02 08:15:36.016,ask,24875.75,50,0,removed
2026-03-02 08:15:37.380,bid,24825.0,98,0,removed
2026-03-02 08:15:39.568,bid,24825.0,98,2,removed
2026-03-02 08:15:39.820,bid,24824.25,50,0,removed
2026-03-02 08:15:39.820,ask,24857.5,30,0,removed
2026-03-02 08:15:43.064,ask,24853.0,10,0,removed
2026-03-02 08:15:45.348,ask,24870.5,50,1,removed
2026-03-02 08:15:45.840,bid,24819.0,50,0,removed
2026-03-02 08:15:45.840,ask,24855.75,30,0,removed
2026-03-02 08:15:47.272,ask,24870.5,50,0,removed
2026-03-02 08:15:48.576,bid,24825.0,98,0,removed
2026-03-02 08:16:00.396,bid,24824.25,50,2,removed
2026-03-02 08:16:00.396,bid,24819.0,50,2,removed
2026-03-02 08:16:00.784,bid,24825.0,98,0,removed
2026-03-02 08:16:05.716,bid,24819.0,50,1,removed
2026-03-02 08:16:06.596,bid,24824.25,50,0,removed
2026-03-02 08:16:06.596,bid,24819.0,50,0,removed
2026-03-02 08:16:07.004,bid,24825.0,98,0,removed
2026-03-02 08:16:08.572,bid,24819.0,50,0,removed
2026-03-02 08:16:09.176,bid,24819.0,50,0,removed
2026-03-02 08:16:10.076,bid,24825.0,98,0,removed
2026-03-02 08:16:14.072,bid,24819.0,50,0,removed
2026-03-02 08:16:14.376,ask,24856.75,50,0,removed
2026-03-02 08:16:17.168,bid,24819.0,50,0,removed
2026-03-02 08:16:18.708,bid,24819.0,50,0,removed
2026-03-02 08:16:19.072,ask,24856.75,50,3,removed
2026-03-02 08:16:24.148,bid,24819.0,50,0,removed
2026-03-02 08:16:25.928,ask,24856.75,50,0,removed
2026-03-02 08:16:28.696,bid,24819.0,50,0,removed
2026-03-02 08:16:31.724,bid,24819.0,50,0,removed
2026-03-02 08:16:33.828,ask,24856.75,50,1,removed
2026-03-02 08:16:36.860,bid,24819.0,50,1,removed
2026-03-02 08:16:37.588,ask,24865.25,50,2,removed
2026-03-02 08:16:37.588,ask,24852.5,50,2,removed
2026-03-02 08:16:39.368,bid,24825.0,98,0,removed
2026-03-02 08:16:44.160,ask,24852.5,50,0,removed
2026-03-02 08:16:44.160,ask,24870.5,50,0,removed
2026-03-02 08:16:46.260,ask,24852.5,50,0,removed
2026-03-02 08:16:46.260,ask,24870.5,50,0,removed
2026-03-02 08:16:52.856,ask,24852.5,50,3,removed
2026-03-02 08:16:52.856,ask,24870.5,50,3,removed
2026-03-02 08:17:03.780,bid,24819.0,50,0,removed
2026-03-02 08:17:10.752,ask,24852.5,50,0,removed
2026-03-02 08:17:11.112,bid,24819.0,50,0,removed
2026-03-02 08:17:15.880,bid,24825.0,98,0,removed
2026-03-02 08:17:16.192,bid,24819.0,50,0,removed
2026-03-02 08:17:16.192,bid,24822.0,50,0,removed
2026-03-02 08:17:17.328,bid,24819.0,50,0,removed
2026-03-02 08:17:17.328,ask,24852.5,50,6,removed
2026-03-02 08:17:20.028,bid,24819.0,50,0,removed
2026-03-02 08:17:20.028,bid,24822.0,50,0,removed
2026-03-02 08:17:21.408,bid,24819.0,50,0,removed
2026-03-02 08:17:21.408,bid,24822.0,50,0,removed
2026-03-02 08:17:21.408,ask,24856.75,50,0,removed
2026-03-02 08:17:23.036,bid,24819.0,50,0,removed
2026-03-02 08:17:23.036,bid,24822.0,50,0,removed
2026-03-02 08:17:23.036,ask,24856.75,50,0,removed
2026-03-02 08:17:24.756,bid,24819.0,50,0,removed
2026-03-02 08:17:25.712,bid,24819.0,50,0,removed
2026-03-02 08:17:26.832,bid,24825.0,98,0,removed
2026-03-02 08:17:27.656,ask,24854.0,30,0,removed
2026-03-02 08:17:31.412,ask,24854.0,30,0,removed
2026-03-02 08:17:34.320,ask,24860.75,50,0,removed
2026-03-02 08:17:35.548,ask,24860.75,50,0,removed
2026-03-02 08:17:36.524,bid,24819.0,50,0,removed
2026-03-02 08:17:36.824,ask,24860.75,50,0,removed
2026-03-02 08:17:40.580,bid,24819.0,50,3,removed
2026-03-02 08:17:40.580,ask,24860.75,50,0,removed
2026-03-02 08:17:43.004,ask,24860.75,50,3,removed
2026-03-02 08:17:49.876,ask,24860.75,50,3,removed
2026-03-02 08:17:54.760,ask,24860.75,50,0,removed
2026-03-02 08:17:56.448,ask,24860.75,50,0,removed
2026-03-02 08:18:02.772,ask,24870.5,50,0,removed
2026-03-02 08:18:04.548,ask,24870.5,50,0,removed
2026-03-02 08:18:05.036,bid,24819.0,50,0,removed
2026-03-02 08:18:05.036,bid,24834.5,50,0,removed
2026-03-02 08:18:06.096,ask,24853.5,30,0,removed
2026-03-02 08:18:07.540,ask,24853.5,30,0,removed
2026-03-02 08:18:10.188,ask,24853.5,30,1,removed
2026-03-02 08:18:10.800,ask,24870.5,50,0,removed
2026-03-02 08:18:12.840,bid,24819.0,50,0,removed
2026-03-02 08:18:12.840,bid,24834.5,50,0,removed
2026-03-02 08:18:14.276,ask,24865.25,50,0,removed
2026-03-02 08:18:14.812,bid,24825.0,98,0,removed
2026-03-02 08:18:15.756,ask,24850.0,30,0,removed
2026-03-02 08:18:15.848,bid,24828.25,30,0,removed
2026-03-02 08:18:15.960,ask,24850.0,30,0,removed
2026-03-02 08:18:16.536,bid,24811.5,50,1,removed
2026-03-02 08:18:17.740,ask,24850.0,30,1,removed
2026-03-02 08:18:19.056,bid,24825.0,98,0,removed
2026-03-02 08:18:19.796,ask,24850.0,30,0,removed
2026-03-02 08:18:20.288,ask,24865.25,50,0,removed
2026-03-02 08:18:25.168,ask,24850.0,30,4,removed
2026-03-02 08:18:28.304,ask,24865.25,50,1,removed
2026-03-02 08:18:28.728,bid,24811.5,50,9,removed
2026-03-02 08:18:28.728,ask,24850.0,30,0,removed
2026-03-02 08:18:31.056,ask,24857.0,50,2,removed
2026-03-02 08:18:39.844,bid,24824.5,50,9,removed
2026-03-02 08:18:40.180,ask,24857.0,50,6,removed
2026-03-02 08:18:43.464,ask,24857.0,50,0,removed
2026-03-02 08:18:50.788,bid,24824.5,50,0,removed
2026-03-02 08:18:50.788,ask,24848.25,30,2,removed
2026-03-02 08:18:53.040,bid,24824.5,50,0,removed
2026-03-02 08:18:53.040,ask,24865.25,50,0,removed
2026-03-02 08:18:54.872,ask,24857.0,50,0,removed
2026-03-02 08:18:58.188,bid,24824.5,50,0,removed
2026-03-02 08:18:58.188,ask,24848.25,30,2,removed
2026-03-02 08:19:03.120,bid,24824.5,50,0,removed
2026-03-02 08:19:06.236,ask,24857.0,50,7,removed
2026-03-02 08:19:07.620,ask,24851.5,50,0,removed
2026-03-02 08:19:08.856,bid,24824.5,50,0,removed
2026-03-02 08:19:08.856,ask,24848.25,30,0,removed
2026-03-02 08:19:09.400,ask,24851.5,50,0,removed
2026-03-02 08:19:09.916,ask,24848.25,30,0,removed
2026-03-02 08:19:10.120,ask,24860.0,50,0,removed
2026-03-02 08:19:11.648,ask,24851.5,50,0,removed
2026-03-02 08:19:13.196,bid,24824.5,50,1,removed
2026-03-02 08:19:13.196,ask,24848.25,30,0,removed
2026-03-02 08:19:15.516,bid,24824.5,50,0,removed
2026-03-02 08:19:15.516,ask,24851.5,50,0,removed
2026-03-02 08:19:17.504,bid,24824.5,50,0,removed
2026-03-02 08:19:19.868,ask,24848.25,30,3,removed
2026-03-02 08:19:20.800,bid,24824.5,50,1,removed
2026-03-02 08:19:20.956,ask,24848.25,30,0,removed
2026-03-02 08:19:22.708,ask,24860.0,50,0,removed
2026-03-02 08:19:24.424,ask,24851.5,50,0,removed
2026-03-02 08:19:26.956,ask,24848.25,30,0,removed
2026-03-02 08:19:28.084,ask,24851.5,50,0,removed
2026-03-02 08:19:28.728,bid,24824.5,50,0,removed
2026-03-02 08:19:28.728,ask,24857.0,50,0,removed
2026-03-02 08:19:28.728,ask,24865.25,50,0,removed
2026-03-02 08:19:29.204,bid,24829.0,40,0,removed
2026-03-02 08:19:34.408,ask,24857.0,50,0,removed
2026-03-02 08:19:34.408,ask,24865.25,50,0,removed
2026-03-02 08:19:35.760,bid,24816.75,50,1,removed
2026-03-02 08:19:36.548,ask,24865.25,50,0,removed
2026-03-02 08:19:36.548,ask,24870.5,50,0,removed
2026-03-02 08:19:43.188,bid,24816.75,50,0,removed
2026-03-02 08:19:44.032,ask,24865.25,50,0,removed
2026-03-02 08:19:44.032,ask,24870.5,50,0,removed
2026-03-02 08:19:46.244,bid,24816.75,50,0,removed
2026-03-02 08:19:53.368,bid,24816.75,50,0,removed
2026-03-02 08:19:53.368,ask,24865.25,50,0,removed
2026-03-02 08:19:53.368,ask,24870.5,50,0,removed
2026-03-02 08:20:00.028,ask,24865.25,50,1,removed
2026-03-02 08:20:00.028,ask,24870.5,50,1,removed
2026-03-02 08:20:05.304,bid,24829.75,50,0,removed
2026-03-02 08:20:05.304,ask,24865.25,50,0,removed
2026-03-02 08:20:05.304,ask,24862.25,50,0,removed
2026-03-02 08:20:08.528,bid,24829.75,50,0,removed
2026-03-02 08:20:09.032,bid,24825.0,98,0,removed
2026-03-02 08:20:20.680,ask,24865.25,50,0,removed
2026-03-02 08:20:20.680,ask,24862.25,50,0,removed
2026-03-02 08:20:25.072,bid,24824.5,50,0,removed
2026-03-02 08:20:25.672,ask,24865.25,50,0,removed
2026-03-02 08:20:26.840,bid,24824.5,50,0,removed
2026-03-02 08:20:27.600,ask,24865.25,50,1,removed
2026-03-02 08:20:28.372,bid,24811.5,50,0,removed
2026-03-02 08:20:28.452,ask,24865.25,50,0,removed
2026-03-02 08:20:30.860,ask,24860.0,50,0,removed
2026-03-02 08:20:32.200,ask,24860.0,50,1,removed
2026-03-02 08:20:34.592,ask,24860.0,50,0,removed
2026-03-02 08:20:37.664,ask,24860.0,50,0,removed
2026-03-02 08:20:39.564,bid,24811.5,50,2,removed
2026-03-02 08:20:39.564,ask,24865.25,50,0,removed
2026-03-02 08:20:40.044,bid,24819.25,50,0,removed
2026-03-02 08:20:44.908,bid,24811.5,50,2,removed
2026-03-02 08:20:46.728,bid,24819.25,50,1,removed
2026-03-02 08:20:47.944,bid,24811.5,50,0,removed
2026-03-02 08:20:53.304,bid,24811.5,50,0,removed
2026-03-02 08:21:04.696,ask,24865.25,50,1,removed
2026-03-02 08:21:06.864,ask,24865.25,50,0,removed
2026-03-02 08:21:09.836,bid,24824.5,50,1,removed
2026-03-02 08:21:09.836,ask,24857.0,50,0,removed
2026-03-02 08:21:12.920,ask,24857.0,50,1,removed
2026-03-02 08:21:15.160,bid,24824.5,50,3,removed
2026-03-02 08:21:15.500,ask,24857.0,50,1,removed
2026-03-02 08:21:17.364,ask,24857.0,50,1,removed
2026-03-02 08:21:27.256,ask,24857.0,50,3,removed
2026-03-02 08:21:34.660,ask,24857.0,50,3,removed
2026-03-02 08:21:43.768,ask,24857.0,50,7,removed
2026-03-02 08:21:51.432,ask,24857.0,50,0,removed
2026-03-02 08:21:58.208,ask,24857.0,50,1,removed
2026-03-02 08:22:03.184,ask,24857.0,50,2,removed
2026-03-02 08:22:07.064,ask,24857.0,50,1,removed
2026-03-02 08:22:11.916,ask,24857.0,50,0,removed
2026-03-02 08:22:13.308,ask,24851.75,50,1,removed
2026-03-02 08:22:17.060,bid,24813.75,50,0,removed
2026-03-02 08:22:17.184,bid,24824.5,50,1,removed
2026-03-02 08:22:20.184,ask,24865.25,50,1,removed
2026-03-02 08:22:22.052,ask,24854.25,10,0,removed
2026-03-02 08:22:22.940,ask,24865.25,50,0,removed
2026-03-02 08:22:24.676,bid,24824.5,50,0,removed
2026-03-02 08:22:24.676,ask,24854.25,10,1,removed
2026-03-02 08:22:25.220,ask,24865.25,50,0,removed
2026-03-02 08:22:28.324,ask,24854.25,10,0,removed
2026-03-02 08:22:28.608,bid,24824.5,50,0,removed
2026-03-02 08:22:30.248,ask,24865.25,50,0,removed
2026-03-02 08:22:31.780,ask,24865.25,50,0,removed
2026-03-02 08:22:34.692,ask,24854.25,10,2,removed
2026-03-02 08:22:39.120,ask,24851.75,50,0,removed
2026-03-02 08:22:44.424,ask,24851.75,50,2,removed
2026-03-02 08:22:47.260,ask,24851.75,50,1,removed
2026-03-02 08:22:50.420,ask,24851.75,50,1,removed
2026-03-02 08:22:54.548,ask,24857.0,50,3,removed
2026-03-02 08:23:02.424,ask,24857.0,50,3,removed
2026-03-02 08:23:05.016,bid,24824.5,50,0,removed
2026-03-02 08:23:09.716,ask,24848.5,30,5,removed
2026-03-02 08:23:10.368,ask,24865.25,50,0,removed
2026-03-02 08:23:14.548,bid,24824.5,50,0,removed
2026-03-02 08:23:18.488,ask,24848.5,30,5,removed
2026-03-02 08:23:19.644,ask,24865.25,50,0,removed
2026-03-02 08:23:20.836,ask,24848.5,30,0,removed
2026-03-02 08:23:23.340,ask,24865.25,50,0,removed
2026-03-02 08:23:23.708,ask,24848.5,30,0,removed
2026-03-02 08:23:26.200,bid,24824.5,50,0,removed
2026-03-02 08:23:26.200,ask,24865.25,50,0,removed
2026-03-02 08:23:27.608,ask,24848.5,30,0,removed
2026-03-02 08:23:28.864,ask,24865.25,50,0,removed
2026-03-02 08:23:28.980,bid,24824.5,50,0,removed
2026-03-02 08:23:37.936,ask,24865.25,50,0,removed
2026-03-02 08:23:39.016,bid,24824.5,50,1,removed
2026-03-02 08:23:42.608,ask,24848.5,30,1,removed
2026-03-02 08:23:46.224,ask,24865.25,50,1,removed
2026-03-02 08:23:47.932,ask,24848.5,30,1,removed
2026-03-02 08:23:49.532,bid,24824.5,50,2,removed
2026-03-02 08:23:50.852,ask,24848.5,30,1,removed
2026-03-02 08:23:51.408,ask,24854.25,40,0,removed
2026-03-02 08:23:53.720,ask,24865.25,50,0,removed
2026-03-02 08:23:54.616,bid,24824.5,50,0,removed
2026-03-02 08:23:54.616,ask,24852.5,30,0,removed
2026-03-02 08:23:56.772,ask,24854.25,40,0,removed
2026-03-02 08:23:57.952,ask,24865.25,50,0,removed
2026-03-02 08:23:58.248,bid,24824.5,50,1,removed
2026-03-02 08:23:58.248,ask,24870.5,50,0,removed
2026-03-02 08:24:00.080,ask,24854.25,30,2,removed
2026-03-02 08:24:00.836,ask,24862.25,50,0,removed
2026-03-02 08:24:03.760,ask,24862.25,50,5,removed
2026-03-02 08:24:10.156,ask,24862.25,50,2,removed
2026-03-02 08:24:13.724,bid,24824.5,50,0,removed
2026-03-02 08:24:14.840,ask,24870.5,50,0,removed
2026-03-02 08:24:15.808,ask,24854.25,30,0,removed
2026-03-02 08:24:17.608,ask,24854.25,30,0,removed
2026-03-02 08:24:24.260,bid,24824.5,50,1,removed
2026-03-02 08:24:25.336,bid,24824.5,50,0,removed
2026-03-02 08:24:26.732,bid,24824.5,50,0,removed
2026-03-02 08:24:28.628,bid,24829.75,50,0,removed
2026-03-02 08:24:28.628,bid,24824.5,50,0,removed
2026-03-02 08:24:31.660,bid,24835.0,50,1,removed
2026-03-02 08:24:34.720,bid,24835.0,50,1,removed
2026-03-02 08:24:36.420,bid,24825.0,98,1,removed
2026-03-02 08:24:37.896,bid,24835.0,50,0,removed
2026-03-02 08:24:38.812,bid,24825.0,98,0,removed
2026-03-02 08:24:40.444,bid,24825.0,98,0,removed
2026-03-02 08:24:44.076,ask,24867.5,50,4,removed
2026-03-02 08:24:45.040,bid,24825.0,98,0,removed
2026-03-02 08:24:47.184,ask,24875.75,50,0,removed
2026-03-02 08:24:47.304,bid,24825.0,98,0,removed
2026-03-02 08:24:49.072,bid,24825.0,98,0,removed
2026-03-02 08:24:49.072,ask,24854.25,30,1,removed
2026-03-02 08:24:51.356,bid,24839.0,30,0,removed
2026-03-02 08:24:56.648,bid,24825.0,98,0,removed
2026-03-02 08:25:00.128,bid,24829.0,50,0,removed
2026-03-02 08:25:01.508,ask,24855.25,50,0,removed
2026-03-02 08:25:02.760,ask,24858.25,10,0,removed
2026-03-02 08:25:03.944,bid,24829.0,50,1,removed
2026-03-02 08:25:05.072,ask,24851.0,30,0,removed
2026-03-02 08:25:07.808,bid,24829.0,50,0,removed
2026-03-02 08:25:10.476,bid,24818.5,50,0,removed
2026-03-02 08:25:11.968,bid,24807.75,50,2,removed
2026-03-02 08:25:12.688,ask,24844.75,30,1,removed
2026-03-02 08:25:13.588,bid,24807.75,50,2,removed
2026-03-02 08:25:13.588,ask,24860.0,50,0,removed
2026-03-02 08:25:15.688,ask,24844.75,10,0,removed
2026-03-02 08:25:16.344,bid,24825.0,98,1,removed
2026-03-02 08:25:16.544,bid,24807.75,50,0,removed
2026-03-02 08:25:17.876,ask,24860.0,50,2,removed
2026-03-02 08:25:18.232,bid,24807.75,50,1,removed
2026-03-02 08:25:18.572,ask,24844.25,30,1,removed
2026-03-02 08:25:18.956,ask,24860.0,50,0,removed
2026-03-02 08:25:19.108,ask,24849.25,10,0,removed
2026-03-02 08:25:19.428,ask,24844.0,30,0,removed
2026-03-02 08:25:19.652,bid,24807.75,50,0,removed
2026-03-02 08:25:19.880,bid,24813.0,50,0,removed
2026-03-02 08:25:20.400,ask,24848.75,30,1,removed
2026-03-02 08:25:25.232,ask,24848.75,30,4,removed
2026-03-02 08:25:25.620,bid,24823.75,50,0,removed
2026-03-02 08:25:27.168,ask,24848.75,30,1,removed
2026-03-02 08:25:31.692,bid,24823.75,50,0,removed
2026-03-02 08:25:31.692,bid,24818.0,50,0,removed
2026-03-02 08:25:32.060,ask,24848.75,30,5,removed
2026-03-02 08:25:35.020,ask,24847.5,30,1,removed
2026-03-02 08:25:35.848,ask,24865.25,50,0,removed
2026-03-02 08:25:39.108,ask,24847.5,30,3,removed
2026-03-02 08:25:40.920,bid,24825.0,108,0,removed
2026-03-02 08:25:40.920,ask,24847.5,30,1,removed
2026-03-02 08:25:43.272,bid,24823.25,50,2,removed
2026-03-02 08:25:44.384,bid,24820.75,50,0,removed
2026-03-02 08:25:45.124,bid,24825.0,98,0,removed
2026-03-02 08:25:45.260,bid,24820.75,50,0,removed
2026-03-02 08:25:48.776,bid,24820.75,50,0,removed
2026-03-02 08:25:48.776,ask,24860.75,50,0,removed
2026-03-02 08:25:48.776,ask,24870.5,50,0,removed
2026-03-02 08:25:51.112,bid,24820.75,50,0,removed
2026-03-02 08:25:55.416,ask,24870.5,50,1,removed
2026-03-02 08:25:57.560,bid,24820.75,50,1,removed
2026-03-02 08:26:00.188,bid,24820.75,50,0,removed
2026-03-02 08:26:06.568,ask,24850.5,30,0,removed
2026-03-02 08:26:07.760,ask,24850.5,30,1,removed
2026-03-02 08:26:08.632,bid,24820.75,50,0,removed
2026-03-02 08:26:10.832,ask,24850.5,30,1,removed
2026-03-02 08:26:11.792,ask,24855.5,50,0,removed
2026-03-02 08:26:15.116,ask,24850.5,30,3,removed
2026-03-02 08:26:19.420,ask,24848.75,30,4,removed
2026-03-02 08:26:20.664,ask,24855.5,50,0,removed
2026-03-02 08:26:21.140,ask,24865.25,50,0,removed
2026-03-02 08:26:21.644,ask,24849.25,10,0,removed
2026-03-02 08:26:23.120,ask,24849.25,10,0,removed
2026-03-02 08:26:26.652,ask,24855.5,50,2,removed
2026-03-02 08:26:30.524,ask,24855.5,50,2,removed
2026-03-02 08:26:31.264,ask,24849.25,10,0,removed
2026-03-02 08:26:32.020,ask,24855.5,50,0,removed
2026-03-02 08:26:32.888,ask,24855.5,50,0,removed
2026-03-02 08:26:33.572,ask,24849.25,10,0,removed
2026-03-02 08:26:37.892,ask,24855.5,50,3,removed
2026-03-02 08:26:38.880,ask,24849.25,10,0,removed
2026-03-02 08:26:40.064,bid,24825.0,98,41,removed
2026-03-02 08:26:40.064,ask,24845.0,30,1,removed
2026-03-02 08:26:41.352,ask,24850.0,50,0,removed
2026-03-02 08:26:43.480,bid,24822.25,30,3,removed
2026-03-02 08:26:44.292,bid,24825.25,30,0,removed
2026-03-02 08:26:45.748,bid,24810.25,50,0,removed
2026-03-02 08:26:47.592,bid,24810.25,50,1,removed
2026-03-02 08:26:48.280,ask,24850.0,50,0,removed
2026-03-02 08:26:52.012,bid,24810.25,50,0,removed
2026-03-02 08:26:52.012,ask,24850.0,50,0,removed
2026-03-02 08:26:56.280,ask,24850.0,50,1,removed
2026-03-02 08:27:00.412,bid,24810.25,50,1,removed
2026-03-02 08:27:04.516,ask,24850.0,50,0,removed
2026-03-02 08:27:05.220,ask,24850.0,50,0,removed
2026-03-02 08:27:08.088,bid,24825.0,128,11,removed
2026-03-02 08:27:09.360,bid,24825.0,98,0,removed
2026-03-02 08:27:10.100,bid,24820.0,30,0,removed
2026-03-02 08:27:13.148,ask,24850.0,50,0,removed
2026-03-02 08:27:13.696,bid,24816.0,10,3,removed
2026-03-02 08:27:16.160,bid,24812.75,50,2,removed
2026-03-02 08:27:18.276,bid,24812.75,50,1,removed
2026-03-02 08:27:20.948,bid,24812.75,50,1,removed
2026-03-02 08:27:28.036,bid,24812.75,50,6,removed
2026-03-02 08:27:29.744,ask,24850.0,50,0,removed
2026-03-02 08:27:29.744,ask,24854.75,50,0,removed
2026-03-02 08:27:31.444,bid,24818.75,30,3,removed
2026-03-02 08:27:36.236,bid,24818.75,30,0,removed
2026-03-02 08:27:40.228,bid,24806.0,50,0,removed
2026-03-02 08:27:41.456,bid,24815.0,40,0,removed
2026-03-02 08:27:45.376,bid,24818.0,40,0,removed
2026-03-02 08:27:46.664,bid,24818.0,40,0,removed
2026-03-02 08:28:00.036,bid,24818.0,50,3,removed
2026-03-02 08:28:04.136,bid,24833.75,50,1,removed
2026-03-02 08:28:09.596,ask,24850.0,50,0,removed
2026-03-02 08:28:16.368,ask,24872.0,51,0,removed
2026-03-02 08:28:17.844,bid,24823.25,50,28,removed
2026-03-02 08:28:20.108,bid,24823.25,50,2,removed
2026-03-02 08:28:24.176,bid,24833.75,50,6,removed
2026-03-02 08:28:25.296,ask,24850.0,50,2,removed
2026-03-02 08:28:27.672,ask,24861.0,30,4,removed
2026-03-02 08:28:28.784,ask,24863.5,30,1,removed
2026-03-02 08:28:29.344,ask,24861.75,30,0,removed
2026-03-02 08:28:29.648,bid,24833.75,50,12,removed
2026-03-02 08:28:30.836,ask,24863.25,30,3,removed
2026-03-02 08:28:31.752,bid,24833.75,50,3,removed
2026-03-02 08:28:31.752,ask,24863.25,30,0,removed
2026-03-02 08:28:33.308,ask,24861.5,30,3,removed
2026-03-02 08:28:37.520,ask,24861.5,30,3,removed
2026-03-02 08:28:39.580,bid,24833.75,50,6,removed
2026-03-02 08:28:40.076,ask,24863.75,30,3,removed
2026-03-02 08:28:40.316,ask,24862.0,30,0,removed
2026-03-02 08:28:40.532,ask,24860.25,30,1,removed
2026-03-02 08:28:41.924,ask,24863.75,30,2,removed
2026-03-02 08:28:45.476,ask,24862.0,30,5,removed
2026-03-02 08:28:48.784,bid,24833.75,50,17,removed
2026-03-02 08:28:50.308,ask,24863.5,30,1,removed
2026-03-02 08:28:51.580,ask,24872.0,51,0,removed
2026-03-02 08:28:55.312,bid,24833.75,50,2,removed
2026-03-02 08:28:55.640,ask,24872.0,51,1,removed
2026-03-02 08:28:56.704,ask,24869.5,30,0,removed
2026-03-02 08:28:58.440,bid,24833.75,50,1,removed
2026-03-02 08:29:00.392,bid,24833.75,50,0,removed
2026-03-02 08:29:00.392,ask,24869.5,30,1,removed
2026-03-02 08:29:04.364,bid,24843.0,30,0,removed
2026-03-02 08:29:04.364,bid,24842.25,30,0,removed
2026-03-02 08:29:04.364,ask,24866.0,30,2,removed
2026-03-02 08:29:19.956,ask,24864.25,30,1,removed
2026-03-02 08:29:24.720,bid,24842.25,30,3,removed
2026-03-02 08:29:26.136,ask,24866.25,30,1,removed
2026-03-02 08:29:34.812,bid,24842.25,30,3,removed
2026-03-02 08:29:34.812,ask,24867.5,30,3,removed
2026-03-02 08:29:42.772,bid,24842.25,30,1,removed
2026-03-02 08:29:42.772,bid,24848.75,30,1,removed
2026-03-02 08:29:46.520,ask,24872.0,31,2,removed
2026-03-02 08:29:48.004,bid,24842.25,30,1,removed
2026-03-02 08:29:48.004,bid,24848.75,30,1,removed
2026-03-02 08:29:50.112,ask,24872.5,30,1,removed
2026-03-02 08:29:50.880,bid,24852.0,30,0,removed
2026-03-02 08:29:55.012,ask,24872.5,30,0,removed
2026-03-02 08:29:58.928,bid,24842.25,30,6,removed
2026-03-02 08:29:58.928,bid,24852.0,30,0,removed
2026-03-02 08:30:00.036,ask,24871.0,35,0,removed
2026-03-02 08:30:00.200,ask,24871.25,32,0,removed
2026-03-02 08:30:02.520,ask,24876.5,30,1,removed
2026-03-02 08:30:02.740,bid,24854.75,30,3,removed
2026-03-02 08:30:02.900,bid,24862.25,40,0,removed
2026-03-02 08:30:03.092,bid,24860.5,30,0,removed
2026-03-02 08:30:03.224,bid,24854.75,30,0,removed
2026-03-02 08:30:03.368,ask,24876.5,30,2,removed
2026-03-02 08:30:03.684,ask,24876.5,30,1,removed
2026-03-02 08:30:04.600,bid,24860.75,30,4,removed
2026-03-02 08:30:04.600,ask,24876.5,30,1,removed
2026-03-02 08:30:04.808,bid,24845.75,50,0,removed
2026-03-02 08:30:04.808,ask,24878.75,50,0,removed
2026-03-02 08:30:05.056,bid,24851.0,50,0,removed
2026-03-02 08:30:05.404,bid,24845.75,50,0,removed
2026-03-02 08:30:05.812,bid,24845.75,50,0,removed
2026-03-02 08:30:05.812,ask,24884.0,50,0,removed
2026-03-02 08:30:06.320,ask,24884.0,50,0,removed
2026-03-02 08:30:06.612,ask,24884.0,50,0,removed
2026-03-02 08:30:06.652,bid,24845.75,50,1,removed
2026-03-02 08:30:06.804,ask,24884.0,50,0,removed
2026-03-02 08:30:06.900,bid,24840.25,50,1,removed
2026-03-02 08:30:07.032,ask,24873.5,50,1,removed
2026-03-02 08:30:07.640,bid,24835.0,50,0,removed
2026-03-02 08:30:07.640,ask,24868.25,50,0,removed
2026-03-02 08:30:07.992,bid,24827.0,50,0,removed
2026-03-02 08:30:08.396,ask,24863.0,50,1,removed
2026-03-02 08:30:08.516,bid,24837.5,30,0,removed
2026-03-02 08:30:09.072,bid,24838.75,60,0,removed
2026-03-02 08:30:09.128,bid,24833.5,50,0,removed
2026-03-02 08:30:09.128,ask,24868.5,50,0,removed
2026-03-02 08:30:09.148,ask,24873.75,50,0,removed
2026-03-02 08:30:09.328,bid,24839.0,50,1,removed
2026-03-02 08:30:10.344,bid,24844.25,80,1,removed
2026-03-02 08:30:10.984,bid,24839.0,50,0,removed
2026-03-02 08:30:11.216,bid,24844.75,30,0,removed
2026-03-02 08:30:11.216,bid,24843.0,30,0,removed
2026-03-02 08:30:11.252,ask,24873.75,50,2,removed
2026-03-02 08:30:11.320,bid,24844.5,50,1,removed
2026-03-02 08:30:11.320,ask,24879.0,50,0,removed
2026-03-02 08:30:11.488,bid,24846.5,30,1,removed
2026-03-02 08:30:11.488,ask,24875.0,30,0,removed
2026-03-02 08:30:11.596,ask,24880.75,10,0,removed
2026-03-02 08:30:11.752,bid,24849.75,50,2,removed
2026-03-02 08:30:11.868,ask,24874.75,30,0,removed
2026-03-02 08:30:11.964,bid,24844.5,50,0,removed
2026-03-02 08:30:12.352,bid,24850.5,30,1,removed
2026-03-02 08:30:12.376,bid,24825.0,98,0,removed
2026-03-02 08:30:12.744,bid,24839.0,50,2,removed
2026-03-02 08:30:13.376,bid,24839.0,50,0,removed
2026-03-02 08:30:13.680,ask,24869.5,30,0,removed
2026-03-02 08:30:13.740,bid,24839.0,50,0,removed
2026-03-02 08:30:14.064,bid,24839.0,50,0,removed
2026-03-02 08:30:14.532,bid,24839.0,50,2,removed
2026-03-02 08:30:14.600,ask,24870.5,30,0,removed
2026-03-02 08:30:14.760,bid,24849.75,30,0,removed
2026-03-02 08:30:15.004,bid,24825.0,98,2,removed
2026-03-02 08:30:15.052,ask,24868.0,30,0,removed
2026-03-02 08:30:15.272,ask,24868.0,30,0,removed
2026-03-02 08:30:15.592,bid,24825.0,98,3,removed
2026-03-02 08:30:15.844,bid,24825.0,98,1,removed
2026-03-02 08:30:15.844,ask,24867.5,30,1,removed
2026-03-02 08:30:16.080,ask,24869.25,30,0,removed
2026-03-02 08:30:16.272,bid,24825.0,98,3,removed
2026-03-02 08:30:16.320,bid,24844.5,50,0,removed
2026-03-02 08:30:16.320,ask,24871.0,30,2,removed
2026-03-02 08:30:16.328,ask,24879.0,50,0,removed
2026-03-02 08:30:16.384,bid,24846.25,30,1,removed
2026-03-02 08:30:16.800,bid,24849.75,50,3,removed
2026-03-02 08:30:16.800,ask,24879.0,50,4,removed
2026-03-02 08:30:17.032,bid,24854.75,35,0,removed
2026-03-02 08:30:18.320,bid,24844.25,50,3,removed
2026-03-02 08:30:18.368,ask,24879.25,50,4,removed
2026-03-02 08:30:18.916,ask,24868.75,35,3,removed
2026-03-02 08:30:18.992,bid,24845.5,30,0,removed
2026-03-02 08:30:19.180,bid,24838.5,50,0,removed
2026-03-02 08:30:19.192,bid,24825.0,98,0,removed
2026-03-02 08:30:19.328,ask,24868.75,50,0,removed
2026-03-02 08:30:19.372,bid,24838.5,50,1,removed
2026-03-02 08:30:19.848,bid,24838.5,50,1,removed
2026-03-02 08:30:19.848,ask,24866.0,30,0,removed
2026-03-02 08:30:20.208,ask,24866.0,30,1,removed
2026-03-02 08:30:20.280,bid,24838.5,50,2,removed
2026-03-02 08:30:20.700,ask,24864.25,30,0,removed
2026-03-02 08:30:20.944,ask,24857.25,10,0,removed
2026-03-02 08:30:21.140,ask,24862.25,10,0,removed
2026-03-02 08:30:21.744,ask,24863.5,50,3,removed
2026-03-02 08:30:22.140,ask,24869.0,50,2,removed
2026-03-02 08:30:22.744,ask,24863.75,50,1,removed
2026-03-02 08:30:22.956,ask,24854.75,30,1,removed
2026-03-02 08:30:24.228,ask,24852.5,40,0,removed
2026-03-02 08:30:24.368,bid,24825.0,98,0,removed
2026-03-02 08:30:24.456,ask,24857.75,10,1,removed
2026-03-02 08:30:24.888,ask,24857.75,10,0,removed
2026-03-02 08:30:25.276,ask,24852.5,30,1,removed
2026-03-02 08:30:25.440,ask,24854.25,30,1,removed
2026-03-02 08:30:25.560,bid,24838.5,50,1,removed
2026-03-02 08:30:25.560,bid,24827.75,50,1,removed
2026-03-02 08:30:26.064,bid,24838.5,50,2,removed
2026-03-02 08:30:26.064,bid,24827.75,50,2,removed
2026-03-02 08:30:26.288,ask,24856.0,30,6,removed
2026-03-02 08:30:27.040,bid,24838.5,50,0,removed
2026-03-02 08:30:27.040,bid,24822.25,50,0,removed
2026-03-02 08:30:28.372,bid,24838.5,50,0,removed
2026-03-02 08:30:28.528,ask,24853.25,50,3,removed
2026-03-02 08:30:29.096,bid,24825.0,98,1,removed
2026-03-02 08:30:29.640,ask,24848.25,30,1,removed
2026-03-02 08:30:29.736,ask,24845.25,30,0,removed
2026-03-02 08:30:29.976,bid,24838.5,50,0,removed
2026-03-02 08:30:29.976,bid,24817.0,50,0,removed
2026-03-02 08:30:30.196,ask,24853.25,50,2,removed
2026-03-02 08:30:30.448,ask,24845.75,30,1,removed
2026-03-02 08:30:30.688,bid,24838.5,50,0,removed
2026-03-02 08:30:30.688,bid,24817.0,50,0,removed
2026-03-02 08:30:30.688,ask,24844.0,30,0,removed
2026-03-02 08:30:32.440,ask,24848.25,50,5,removed
2026-03-02 08:30:32.824,ask,24842.75,50,2,removed
2026-03-02 08:30:33.112,ask,24839.75,10,2,removed
2026-03-02 08:30:33.224,ask,24848.0,50,0,removed
2026-03-02 08:30:33.448,bid,24838.5,50,0,removed
2026-03-02 08:30:33.448,bid,24804.75,50,0,removed
2026-03-02 08:30:33.704,ask,24848.0,50,0,removed
2026-03-02 08:30:34.104,ask,24848.0,50,1,removed
2026-03-02 08:30:34.264,ask,24842.75,50,0,removed
2026-03-02 08:30:35.536,ask,24848.25,50,4,removed
2026-03-02 08:30:35.700,ask,24853.75,50,0,removed
2026-03-02 08:30:35.844,ask,24837.0,30,1,removed
2026-03-02 08:30:36.204,ask,24859.25,50,1,removed
2026-03-02 08:30:36.396,ask,24837.0,30,1,removed
2026-03-02 08:30:36.484,ask,24853.75,30,0,removed
2026-03-02 08:30:36.596,ask,24853.75,30,0,removed
2026-03-02 08:30:36.696,ask,24855.5,30,0,removed
2026-03-02 08:30:37.112,ask,24864.75,50,1,removed
2026-03-02 08:30:37.160,ask,24870.5,50,1,removed
2026-03-02 08:30:37.324,ask,24866.25,30,1,removed
2026-03-02 08:30:37.624,ask,24863.0,10,0,removed
2026-03-02 08:30:38.076,ask,24863.0,10,1,removed
2026-03-02 08:30:38.192,bid,24836.75,50,4,removed
2026-03-02 08:30:38.324,bid,24831.5,30,0,removed
2026-03-02 08:30:38.624,ask,24863.0,10,2,removed
2026-03-02 08:30:39.256,ask,24866.5,30,3,removed
2026-03-02 08:30:39.660,ask,24862.75,30,0,removed
2026-03-02 08:30:39.876,bid,24838.0,30,0,removed
2026-03-02 08:30:40.012,ask,24865.25,50,3,removed
2026-03-02 08:30:40.340,bid,24831.25,50,4,removed
2026-03-02 08:30:40.340,bid,24836.75,50,0,removed
2026-03-02 08:30:41.080,ask,24865.25,50,4,removed
2026-03-02 08:30:41.368,bid,24831.25,50,7,removed
2026-03-02 08:30:42.540,bid,24842.25,50,0,removed
2026-03-02 08:30:42.656,ask,24865.25,50,4,removed
2026-03-02 08:30:42.856,bid,24844.0,30,2,removed
2026-03-02 08:30:43.152,bid,24848.25,10,5,removed
2026-03-02 08:30:43.856,bid,24848.75,30,5,removed
2026-03-02 08:30:44.324,bid,24847.5,30,4,removed
2026-03-02 08:30:44.324,ask,24865.25,50,1,removed
2026-03-02 08:30:44.424,ask,24865.25,50,0,removed
2026-03-02 08:30:44.476,bid,24853.0,10,1,removed
2026-03-02 08:30:44.552,ask,24878.5,30,0,removed
2026-03-02 08:30:44.700,bid,24855.5,40,0,removed
2026-03-02 08:30:44.700,ask,24886.5,50,1,removed
2026-03-02 08:30:45.584,bid,24861.75,30,1,removed
2026-03-02 08:30:45.772,bid,24860.0,30,0,removed
2026-03-02 08:30:46.016,bid,24852.75,50,1,removed
2026-03-02 08:30:46.716,bid,24852.75,50,4,removed
2026-03-02 08:30:47.396,bid,24856.0,30,0,removed
2026-03-02 08:30:47.648,bid,24857.25,10,0,removed
2026-03-02 08:30:47.648,ask,24891.75,51,0,removed
2026-03-02 08:30:47.648,ask,24886.5,50,0,removed
2026-03-02 08:30:48.456,bid,24862.5,30,3,removed
2026-03-02 08:30:49.176,bid,24862.0,10,4,removed
2026-03-02 08:30:49.492,bid,24870.0,40,0,removed
2026-03-02 08:30:49.616,ask,24897.0,50,0,removed
2026-03-02 08:30:50.328,ask,24888.75,30,0,removed
2026-03-02 08:30:50.436,bid,24868.25,30,0,removed
2026-03-02 08:30:50.592,bid,24870.0,40,1,removed
2026-03-02 08:30:50.844,ask,24890.5,30,0,removed
2026-03-02 08:30:51.280,bid,24867.25,30,4,removed
2026-03-02 08:30:51.920,bid,24868.25,30,5,removed
2026-03-02 08:30:52.004,bid,24875.75,10,0,removed
2026-03-02 08:30:52.324,ask,24907.75,50,1,removed
2026-03-02 08:30:52.368,ask,24907.75,50,0,removed
2026-03-02 08:30:52.412,ask,24900.5,30,3,removed
2026-03-02 08:30:52.528,ask,24907.75,50,0,removed
2026-03-02 08:30:52.792,ask,24900.5,30,2,removed
2026-03-02 08:30:53.152,ask,24907.75,50,0,removed
2026-03-02 08:30:53.324,bid,24874.75,10,1,removed
2026-03-02 08:30:53.324,ask,24900.5,30,0,removed
2026-03-02 08:30:53.820,bid,24879.25,10,2,removed
2026-03-02 08:30:53.984,ask,24907.75,50,0,removed
2026-03-02 08:30:54.104,bid,24800.0,5,0,removed
2026-03-02 08:30:54.360,bid,24800.0,5,0,removed
2026-03-02 08:30:54.360,ask,24900.75,30,1,removed
2026-03-02 08:30:54.472,ask,24907.75,50,0,removed
2026-03-02 08:30:54.640,ask,24900.75,30,0,removed
2026-03-02 08:30:54.788,bid,24800.0,5,0,removed
2026-03-02 08:30:54.788,ask,24907.75,50,0,removed
2026-03-02 08:30:54.860,ask,24902.5,30,0,removed
2026-03-02 08:30:54.976,bid,24800.0,5,0,removed
2026-03-02 08:30:54.976,ask,24896.5,10,0,removed
2026-03-02 08:30:55.128,ask,24907.75,50,0,removed
2026-03-02 08:30:55.216,bid,24800.0,5,0,removed
2026-03-02 08:30:55.216,ask,24896.5,10,0,removed
2026-03-02 08:30:55.396,ask,24905.0,47,1,removed
2026-03-02 08:30:55.752,ask,24907.75,50,0,removed
2026-03-02 08:30:56.296,bid,24800.0,5,1,removed
2026-03-02 08:30:56.888,ask,24913.0,50,0,removed
2026-03-02 08:30:57.620,ask,24907.0,30,4,removed
2026-03-02 08:30:57.704,ask,24913.0,50,0,removed
2026-03-02 08:30:57.784,ask,24907.0,30,1,removed
2026-03-02 08:30:57.876,ask,24913.0,50,0,removed
2026-03-02 08:30:57.980,bid,24870.0,40,19,removed
2026-03-02 08:30:58.120,bid,24880.75,40,10,removed
2026-03-02 08:30:58.328,ask,24907.75,50,0,removed
2026-03-02 08:30:58.388,bid,24874.5,50,2,removed
2026-03-02 08:30:59.064,bid,24880.75,40,6,removed
2026-03-02 08:30:59.548,bid,24880.75,40,0,removed
2026-03-02 08:30:59.760,bid,24880.0,50,5,removed
2026-03-02 08:30:59.760,ask,24907.75,50,1,removed
2026-03-02 08:30:59.920,bid,24880.75,40,0,removed
2026-03-02 08:31:00.056,bid,24880.75,40,0,removed
2026-03-02 08:31:00.164,bid,24885.5,50,1,removed
2026-03-02 08:31:00.220,bid,24907.25,10,0,removed
2026-03-02 08:31:00.220,ask,24923.5,50,0,removed
2026-03-02 08:31:01.660,bid,24894.0,30,1,removed
2026-03-02 08:31:01.960,bid,24896.0,50,1,removed
2026-03-02 08:31:02.240,ask,24928.75,50,0,removed
2026-03-02 08:31:02.360,ask,24934.0,50,0,removed
2026-03-02 08:31:02.392,ask,24924.75,10,0,removed
2026-03-02 08:31:02.748,bid,24901.25,50,5,removed
2026-03-02 08:31:02.992,bid,24906.25,40,1,removed
2026-03-02 08:31:03.088,bid,24902.5,10,0,removed
2026-03-02 08:31:03.220,bid,24903.5,30,0,removed
2026-03-02 08:31:03.476,ask,24928.75,50,1,removed
2026-03-02 08:31:04.004,bid,24896.0,50,5,removed
2026-03-02 08:31:04.004,ask,24924.5,31,3,removed
2026-03-02 08:31:04.260,bid,24901.5,50,1,removed
2026-03-02 08:31:04.260,ask,24926.25,30,0,removed
2026-03-02 08:31:04.352,ask,24928.75,50,0,removed
2026-03-02 08:31:04.456,ask,24926.25,30,0,removed
2026-03-02 08:31:05.024,bid,24901.5,50,0,removed
2026-03-02 08:31:05.024,ask,24926.0,30,0,removed
2026-03-02 08:31:05.244,ask,24926.0,30,0,removed
2026-03-02 08:31:05.620,ask,24926.0,30,1,removed
2026-03-02 08:31:05.716,bid,24901.5,50,3,removed
2026-03-02 08:31:05.944,ask,24923.5,60,1,removed
2026-03-02 08:31:06.128,bid,24891.0,50,3,removed
2026-03-02 08:31:06.424,bid,24896.5,30,0,removed
2026-03-02 08:31:06.676,ask,24922.25,30,0,removed
2026-03-02 08:31:06.720,bid,24896.5,30,1,removed
2026-03-02 08:31:06.884,ask,24924.0,31,0,removed
2026-03-02 08:31:07.116,ask,24928.75,50,0,removed
2026-03-02 08:31:07.204,bid,24902.5,40,1,removed
2026-03-02 08:31:07.408,bid,24900.75,30,0,removed
2026-03-02 08:31:07.472,bid,24899.0,30,0,removed
2026-03-02 08:31:07.620,ask,24922.5,30,0,removed
2026-03-02 08:31:07.736,bid,24901.0,30,1,removed
2026-03-02 08:31:07.876,ask,24924.5,31,0,removed
2026-03-02 08:31:07.980,ask,24926.5,31,0,removed
2026-03-02 08:31:08.224,ask,24926.5,30,0,removed
2026-03-02 08:31:08.360,bid,24901.5,50,2,removed
2026-03-02 08:31:08.692,bid,24911.5,10,0,removed
2026-03-02 08:31:08.880,ask,24937.75,30,0,removed
2026-03-02 08:31:09.008,ask,24944.75,50,0,removed
2026-03-02 08:31:09.088,bid,24912.0,50,3,removed
2026-03-02 08:31:09.168,bid,24916.0,10,0,removed
2026-03-02 08:31:09.416,ask,24944.75,50,2,removed
2026-03-02 08:31:09.528,bid,24912.75,40,2,removed
2026-03-02 08:31:09.916,bid,24920.5,10,0,removed
2026-03-02 08:31:10.244,bid,24919.75,40,0,removed
2026-03-02 08:31:10.264,bid,24912.75,10,0,removed
2026-03-02 08:31:11.380,ask,24950.25,50,0,removed
2026-03-02 08:31:11.380,ask,24944.75,50,0,removed
2026-03-02 08:31:11.872,ask,24950.25,50,1,removed
2026-03-02 08:31:12.176,bid,24912.75,10,13,removed
2026-03-02 08:31:12.176,ask,24950.25,50,0,removed
2026-03-02 08:31:12.248,bid,24922.75,50,0,removed
2026-03-02 08:31:12.592,ask,24950.25,50,0,removed
2026-03-02 08:31:12.592,ask,24955.5,50,0,removed
2026-03-02 08:31:13.628,ask,24950.25,50,0,removed
2026-03-02 08:31:13.628,ask,24955.5,50,0,removed
2026-03-02 08:31:14.072,bid,24912.75,10,18,removed
2026-03-02 08:31:14.252,bid,24912.75,10,0,removed
2026-03-02 08:31:14.716,bid,24917.25,50,3,removed
2026-03-02 08:31:14.780,ask,24955.5,50,3,removed
2026-03-02 08:31:15.700,bid,24912.75,10,10,removed
2026-03-02 08:31:16.272,bid,24912.75,10,3,removed
2026-03-02 08:31:16.340,bid,24918.0,30,0,removed
2026-03-02 08:31:16.404,bid,24911.5,50,0,removed
2026-03-02 08:31:17.004,bid,24911.5,50,1,removed
2026-03-02 08:31:17.004,ask,24955.5,50,19,removed
2026-03-02 08:31:17.068,bid,24917.0,50,0,removed
2026-03-02 08:31:18.472,bid,24923.25,30,11,removed
2026-03-02 08:31:19.116,bid,24911.5,50,6,removed
2026-03-02 08:31:19.220,bid,24916.75,80,0,removed
2026-03-02 08:31:19.328,bid,24920.75,10,0,removed
2026-03-02 08:31:19.392,bid,24916.75,50,0,removed
2026-03-02 08:31:19.416,bid,24920.75,10,1,removed
2026-03-02 08:31:20.300,bid,24923.25,30,7,removed
2026-03-02 08:31:20.300,bid,24922.75,30,0,removed
2026-03-02 08:31:20.376,bid,24916.25,10,0,removed
2026-03-02 08:31:20.532,bid,24920.75,10,0,removed
2026-03-02 08:31:20.580,bid,24922.0,50,0,removed
2026-03-02 08:31:21.344,ask,24960.5,50,4,removed
2026-03-02 08:31:21.408,bid,24925.25,10,6,removed
2026-03-02 08:31:21.444,ask,24960.5,50,1,removed
2026-03-02 08:31:22.212,ask,24960.5,50,6,removed
2026-03-02 08:31:22.540,ask,24960.5,50,1,removed
2026-03-02 08:31:22.540,ask,24954.75,40,0,removed
2026-03-02 08:31:22.656,bid,24933.75,30,0,removed
2026-03-02 08:31:22.900,ask,24955.75,30,1,removed
2026-03-02 08:31:23.068,bid,24941.25,10,0,removed
2026-03-02 08:31:23.208,bid,24939.5,10,0,removed
2026-03-02 08:31:23.484,bid,24932.0,30,2,removed
2026-03-02 08:31:23.708,bid,24930.5,30,1,removed
2026-03-02 08:31:23.788,ask,24954.0,30,0,removed
2026-03-02 08:31:23.944,bid,24932.25,30,5,removed
2026-03-02 08:31:23.988,bid,24941.25,10,0,removed
2026-03-02 08:31:24.124,bid,24939.25,10,0,removed
2026-03-02 08:31:24.204,ask,24954.0,30,2,removed
2026-03-02 08:31:24.456,bid,24941.0,10,1,removed
2026-03-02 08:31:24.556,bid,24800.0,5,0,removed
2026-03-02 08:31:24.772,bid,24934.0,30,1,removed
2026-03-02 08:31:24.876,ask,24955.75,30,0,removed
2026-03-02 08:31:25.040,bid,24942.75,10,0,removed
2026-03-02 08:31:25.112,bid,24941.0,10,0,removed
2026-03-02 08:31:25.156,bid,24934.0,30,0,removed
2026-03-02 08:31:25.556,ask,24960.5,50,0,removed
2026-03-02 08:31:26.004,ask,24960.5,50,0,removed
2026-03-02 08:31:26.188,ask,24960.5,50,0,removed
2026-03-02 08:31:26.660,bid,24932.25,30,13,removed
2026-03-02 08:31:26.660,ask,24955.75,30,2,removed
2026-03-02 08:31:26.880,bid,24933.5,30,0,removed
2026-03-02 08:31:27.336,bid,24929.75,10,2,removed
2026-03-02 08:31:27.452,bid,24938.0,10,0,removed
2026-03-02 08:31:27.836,bid,24931.75,30,2,removed
2026-03-02 08:31:28.000,ask,24954.75,40,0,removed
2026-03-02 08:31:28.124,bid,24931.75,30,0,removed
2026-03-02 08:31:28.124,bid,24933.5,30,0,removed
2026-03-02 08:31:28.212,ask,24954.75,40,0,removed
2026-03-02 08:31:28.404,bid,24931.75,30,0,removed
2026-03-02 08:31:28.404,bid,24933.5,30,0,removed
2026-03-02 08:31:28.512,ask,24954.75,40,1,removed
2026-03-02 08:31:28.672,bid,24931.75,30,0,removed
2026-03-02 08:31:28.672,bid,24933.5,30,0,removed
2026-03-02 08:31:28.728,ask,24956.5,30,0,removed
2026-03-02 08:31:29.492,bid,24931.75,30,0,removed
2026-03-02 08:31:29.580,bid,24935.5,30,1,removed
2026-03-02 08:31:29.920,bid,24800.0,5,0,removed
2026-03-02 08:31:29.920,ask,24956.5,30,0,removed
2026-03-02 08:31:30.008,bid,24938.5,10,0,removed
2026-03-02 08:31:30.160,ask,24952.75,10,0,removed
2026-03-02 08:31:30.580,bid,24930.75,30,0,removed
2026-03-02 08:31:30.800,bid,24932.5,30,0,removed
2026-03-02 08:31:30.932,ask,24952.75,30,2,removed
2026-03-02 08:31:31.288,ask,24952.75,30,0,removed
2026-03-02 08:31:31.352,bid,24925.25,10,2,removed
2026-03-02 08:31:31.556,ask,24952.75,30,0,removed
2026-03-02 08:31:32.020,ask,24952.75,30,1,removed
2026-03-02 08:31:32.080,ask,24955.25,50,0,removed
2026-03-02 08:31:32.348,ask,24955.25,50,0,removed
2026-03-02 08:31:32.504,bid,24921.75,50,8,removed
2026-03-02 08:31:32.612,ask,24955.25,50,0,removed
2026-03-02 08:31:32.700,ask,24952.75,30,0,removed
2026-03-02 08:31:32.700,ask,24952.5,30,0,removed
2026-03-02 08:31:32.720,bid,24927.25,50,0,removed
2026-03-02 08:31:32.720,ask,24955.25,50,0,removed
2026-03-02 08:31:32.836,bid,24921.75,50,1,removed
2026-03-02 08:31:32.836,ask,24956.0,30,0,removed
2026-03-02 08:31:32.948,bid,24932.75,50,0,removed
2026-03-02 08:31:33.420,ask,24959.0,30,0,removed
2026-03-02 08:31:33.496,bid,24939.75,30,1,removed
2026-03-02 08:31:33.752,ask,24959.0,30,0,removed
2026-03-02 08:31:33.816,ask,24957.25,30,0,removed
2026-03-02 08:31:34.080,ask,24951.0,10,0,removed
2026-03-02 08:31:34.332,ask,24951.0,10,0,removed
2026-03-02 08:31:34.692,ask,24952.75,10,1,removed
2026-03-02 08:31:35.136,ask,24957.5,30,2,removed
2026-03-02 08:31:35.336,bid,24938.0,30,13,removed
2026-03-02 08:31:35.336,ask,24952.75,10,1,removed
2026-03-02 08:31:35.632,ask,24959.25,30,1,removed
2026-03-02 08:31:35.844,ask,24961.0,31,0,removed
2026-03-02 08:31:35.880,bid,24937.25,30,1,removed
2026-03-02 08:31:36.132,bid,24927.25,50,1,removed
2026-03-02 08:31:36.132,ask,24960.75,50,1,removed
2026-03-02 08:31:36.272,ask,24959.25,10,0,removed
2026-03-02 08:31:36.556,ask,24953.25,30,0,removed
2026-03-02 08:31:36.640,ask,24960.75,50,0,removed
2026-03-02 08:31:36.692,ask,24953.25,30,0,removed
2026-03-02 08:31:36.836,bid,24931.25,30,5,removed
2026-03-02 08:31:36.836,bid,24933.25,30,1,removed
2026-03-02 08:31:36.916,ask,24960.75,50,1,removed
2026-03-02 08:31:37.008,bid,24933.25,30,0,removed
2026-03-02 08:31:37.008,ask,24957.0,30,0,removed
2026-03-02 08:31:37.116,ask,24960.75,50,0,removed
2026-03-02 08:31:37.240,ask,24958.75,30,0,removed
2026-03-02 08:31:37.396,ask,24954.25,10,0,removed
2026-03-02 08:31:37.560,ask,24956.25,10,0,removed
2026-03-02 08:31:37.920,ask,24962.25,30,2,removed
2026-03-02 08:31:38.332,bid,24932.75,50,11,removed
2026-03-02 08:31:39.456,bid,24932.75,50,7,removed
2026-03-02 08:31:40.332,ask,24961.75,50,0,removed
2026-03-02 08:31:40.492,ask,24961.75,50,1,removed
2026-03-02 08:31:40.864,bid,24937.75,30,11,removed
2026-03-02 08:31:40.864,ask,24961.75,50,1,removed
2026-03-02 08:31:40.940,bid,24927.5,50,0,removed
2026-03-02 08:31:41.040,bid,24934.25,30,0,removed
2026-03-02 08:31:41.112,ask,24961.75,50,4,removed
2026-03-02 08:31:41.388,ask,24961.75,50,2,removed
2026-03-02 08:31:41.684,ask,24961.75,50,0,removed
2026-03-02 08:31:42.200,bid,24931.75,30,7,removed
2026-03-02 08:31:42.200,ask,24961.75,50,2,removed
2026-03-02 08:31:42.340,bid,24933.5,30,1,removed
2026-03-02 08:31:42.436,bid,24935.25,30,0,removed
2026-03-02 08:31:42.436,ask,24961.75,50,1,removed
2026-03-02 08:31:42.532,bid,24932.75,50,0,removed
2026-03-02 08:31:43.344,bid,24935.25,30,6,removed
2026-03-02 08:31:45.440,bid,24938.0,50,11,removed
2026-03-02 08:31:45.568,ask,24961.75,50,18,removed
2026-03-02 08:31:46.120,ask,24963.75,30,2,removed
2026-03-02 08:31:46.232,ask,24963.5,30,0,removed
2026-03-02 08:31:46.672,ask,24963.5,30,1,removed
2026-03-02 08:31:46.940,ask,24963.5,30,1,removed
2026-03-02 08:31:47.456,ask,24961.75,30,7,removed
2026-03-02 08:31:47.528,bid,24942.75,30,23,removed
2026-03-02 08:31:47.688,ask,24963.5,30,2,removed
2026-03-02 08:31:47.772,bid,24944.5,30,1,removed
2026-03-02 08:31:47.884,bid,24952.25,10,0,removed
2026-03-02 08:31:47.884,ask,24965.25,30,1,removed
2026-03-02 08:31:48.048,ask,24961.75,10,2,removed
2026-03-02 08:31:48.068,bid,24943.5,10,2,removed
2026-03-02 08:31:48.068,ask,24967.75,30,0,removed
2026-03-02 08:31:48.340,bid,24943.25,50,0,removed
2026-03-02 08:31:48.340,ask,24969.75,38,0,removed
2026-03-02 08:31:48.964,bid,24800.0,5,0,removed
2026-03-02 08:31:49.336,ask,24965.5,10,0,removed
2026-03-02 08:31:49.536,ask,24963.75,10,0,removed
2026-03-02 08:31:49.980,bid,24948.5,30,0,removed
2026-03-02 08:31:49.980,bid,24948.75,30,1,removed
2026-03-02 08:31:50.124,ask,24968.25,30,6,removed
2026-03-02 08:31:50.412,ask,24968.25,30,0,removed
2026-03-02 08:31:50.484,bid,24948.5,30,0,removed
2026-03-02 08:31:50.484,bid,24948.75,30,0,removed
2026-03-02 08:31:50.772,bid,24948.5,30,2,removed
2026-03-02 08:31:50.772,bid,24947.0,30,2,removed
2026-03-02 08:31:51.100,bid,24948.5,30,0,removed
2026-03-02 08:31:51.100,bid,24947.0,30,0,removed
2026-03-02 08:31:51.100,ask,24968.25,30,5,removed
2026-03-02 08:31:52.108,ask,24972.0,30,0,removed
2026-03-02 08:31:52.408,bid,24947.0,30,7,removed
2026-03-02 08:31:52.408,ask,24972.0,31,0,removed
2026-03-02 08:31:52.548,bid,24948.5,50,0,removed
2026-03-02 08:31:52.688,bid,24947.0,30,0,removed
2026-03-02 08:31:52.992,ask,24973.75,30,0,removed
2026-03-02 08:31:53.376,bid,24952.75,10,0,removed
2026-03-02 08:31:53.376,ask,24976.0,20,0,removed
2026-03-02 08:31:53.868,ask,24977.75,30,1,removed
2026-03-02 08:31:54.208,bid,24957.75,40,5,removed
2026-03-02 08:31:54.652,ask,24980.0,34,1,removed
2026-03-02 08:31:54.816,bid,24957.75,40,1,removed
2026-03-02 08:31:55.068,bid,24957.25,10,0,removed
2026-03-02 08:31:55.452,bid,24800.0,5,0,removed
2026-03-02 08:31:55.588,ask,24976.0,20,0,removed
2026-03-02 08:31:56.080,ask,24980.0,34,0,removed
2026-03-02 08:31:56.484,ask,24979.5,30,0,removed
2026-03-02 08:31:58.140,ask,24978.75,30,3,removed
2026-03-02 08:31:58.524,ask,24978.75,30,1,removed
2026-03-02 08:31:58.784,bid,24959.0,30,18,removed
2026-03-02 08:31:59.028,bid,24948.5,50,0,removed
2026-03-02 08:31:59.148,bid,24952.75,10,0,removed
2026-03-02 08:31:59.352,bid,24955.75,30,0,removed
2026-03-02 08:31:59.844,bid,24955.75,30,2,removed
2026-03-02 08:32:00.224,ask,24977.0,50,0,removed
2026-03-02 08:32:00.476,ask,24977.0,50,0,removed
2026-03-02 08:32:00.656,bid,24945.0,10,0,removed
2026-03-02 08:32:00.956,ask,24977.0,50,1,removed
2026-03-02 08:32:00.992,bid,24943.0,50,2,removed
2026-03-02 08:32:01.512,bid,24943.0,50,1,removed
2026-03-02 08:32:01.696,ask,24978.75,30,0,removed
2026-03-02 08:32:01.848,bid,24932.25,50,4,removed
2026-03-02 08:32:02.676,bid,24937.5,50,2,removed
2026-03-02 08:32:03.264,bid,24945.0,10,2,removed
2026-03-02 08:32:03.368,ask,24971.75,50,1,removed
2026-03-02 08:32:03.456,bid,24940.5,10,1,removed
2026-03-02 08:32:04.124,bid,24940.25,30,2,removed
2026-03-02 08:32:04.692,bid,24940.25,30,5,removed
2026-03-02 08:32:04.920,ask,24972.0,50,1,removed
2026-03-02 08:32:05.332,bid,24953.0,10,0,removed
2026-03-02 08:32:05.332,ask,24972.0,50,1,removed
2026-03-02 08:32:05.520,bid,24951.25,10,0,removed
2026-03-02 08:32:05.548,bid,24800.0,5,0,removed
2026-03-02 08:32:05.740,ask,24972.0,50,0,removed
2026-03-02 08:32:05.916,bid,24947.25,30,2,removed
2026-03-02 08:32:06.552,ask,24972.0,50,0,removed
2026-03-02 08:32:07.348,ask,24972.0,50,0,removed
2026-03-02 08:32:07.544,ask,24972.0,50,0,removed
2026-03-02 08:32:07.744,bid,24941.75,30,1,removed
2026-03-02 08:32:07.928,bid,24938.0,30,0,removed
2026-03-02 08:32:08.016,bid,24932.25,50,0,removed
2026-03-02 08:32:08.088,bid,24936.25,30,0,removed
2026-03-02 08:32:08.160,bid,24934.25,30,0,removed
2026-03-02 08:32:08.160,ask,24978.75,30,0,removed
2026-03-02 08:32:08.468,bid,24936.0,30,2,removed
2026-03-02 08:32:08.984,ask,24978.75,30,4,removed
2026-03-02 08:32:09.508,bid,24934.5,30,7,removed
2026-03-02 08:32:09.612,bid,24934.25,30,0,removed
2026-03-02 08:32:09.692,ask,24978.75,30,3,removed
2026-03-02 08:32:09.976,bid,24934.25,30,2,removed
2026-03-02 08:32:09.976,ask,24978.75,30,1,removed
2026-03-02 08:32:10.500,bid,24935.5,10,0,removed
2026-03-02 08:32:10.852,bid,24935.5,10,1,removed
2026-03-02 08:32:11.368,bid,24935.5,10,3,removed
2026-03-02 08:32:11.828,bid,24935.5,10,2,removed
2026-03-02 08:32:12.100,bid,24937.75,30,0,removed
2026-03-02 08:32:12.196,ask,24978.75,30,0,removed
2026-03-02 08:32:12.304,bid,24943.5,10,1,removed
2026-03-02 08:32:12.488,bid,24939.5,30,1,removed
2026-03-02 08:32:13.300,bid,24936.0,30,8,removed
2026-03-02 08:32:13.384,bid,24942.25,30,0,removed
2026-03-02 08:32:13.456,bid,24937.5,50,0,removed
2026-03-02 08:32:13.536,bid,24944.5,10,0,removed
2026-03-02 08:32:13.616,bid,24946.5,30,0,removed
2026-03-02 08:32:14.912,bid,24943.0,50,9,removed
2026-03-02 08:32:15.060,bid,24946.25,30,1,removed
2026-03-02 08:32:15.500,ask,24977.5,50,0,removed
2026-03-02 08:32:16.576,bid,24946.25,30,13,removed
2026-03-02 08:32:16.576,bid,24945.75,30,4,removed
2026-03-02 08:32:17.144,ask,24972.25,50,2,removed
2026-03-02 08:32:19.244,bid,24937.75,50,22,removed
2026-03-02 08:32:19.564,ask,24972.25,50,1,removed
2026-03-02 08:32:19.784,ask,24972.25,50,0,removed
2026-03-02 08:32:19.964,bid,24942.75,30,0,removed
2026-03-02 08:32:20.676,bid,24941.0,30,4,removed
2026-03-02 08:32:20.804,bid,24939.0,30,0,removed
2026-03-02 08:32:21.000,bid,24939.0,30,0,removed
2026-03-02 08:32:21.128,bid,24939.0,30,0,removed
2026-03-02 08:32:21.540,bid,24939.0,30,2,removed
2026-03-02 08:32:23.460,bid,24943.25,50,15,removed
2026-03-02 08:32:23.696,ask,24967.75,50,0,removed
2026-03-02 08:32:23.884,ask,24968.0,10,0,removed
2026-03-02 08:32:23.932,bid,24937.75,50,5,removed
2026-03-02 08:32:24.140,bid,24932.25,50,0,removed
2026-03-02 08:32:24.528,bid,24935.75,30,0,removed
2026-03-02 08:32:24.996,bid,24935.75,30,1,removed
2026-03-02 08:32:24.996,ask,24962.5,50,2,removed
2026-03-02 08:32:25.096,ask,24968.0,50,0,removed
2026-03-02 08:32:25.664,ask,24968.0,50,0,removed
2026-03-02 08:32:25.836,bid,24937.5,50,3,removed
2026-03-02 08:32:26.352,ask,24968.0,50,2,removed
2026-03-02 08:32:26.572,bid,24937.5,50,1,removed
2026-03-02 08:32:26.752,ask,24968.0,50,1,removed
2026-03-02 08:32:26.996,ask,24968.0,50,0,removed
2026-03-02 08:32:27.344,ask,24964.25,30,0,removed
2026-03-02 08:32:27.456,bid,24937.5,50,4,removed
2026-03-02 08:32:28.872,bid,24937.5,50,10,removed
2026-03-02 08:32:28.872,ask,24968.0,30,0,removed
2026-03-02 08:32:29.100,ask,24968.0,30,0,removed
2026-03-02 08:32:29.196,ask,24969.25,30,0,removed
2026-03-02 08:32:29.416,bid,24937.5,50,3,removed
2026-03-02 08:32:30.036,bid,24937.5,50,2,removed
2026-03-02 08:32:30.732,bid,24937.5,50,3,removed
2026-03-02 08:32:31.352,bid,24937.5,50,5,removed
2026-03-02 08:32:31.604,ask,24973.25,30,0,removed
2026-03-02 08:32:31.992,ask,24979.75,31,0,removed
2026-03-02 08:32:32.808,bid,24937.5,50,10,removed
2026-03-02 08:32:32.952,bid,24954.25,30,0,removed
2026-03-02 08:32:33.092,bid,24954.0,30,2,removed
2026-03-02 08:32:33.092,ask,24975.0,23,3,removed
2026-03-02 08:32:33.232,bid,24952.5,30,0,removed
2026-03-02 08:32:33.344,ask,24975.0,23,0,removed
2026-03-02 08:32:33.768,ask,24975.0,23,1,removed
2026-03-02 08:32:34.056,ask,24975.0,23,0,removed
2026-03-02 08:32:34.624,ask,24975.0,23,0,removed
2026-03-02 08:32:35.348,bid,24956.25,30,3,removed
2026-03-02 08:32:35.544,ask,24977.75,30,1,removed
2026-03-02 08:32:36.136,bid,24958.0,30,0,removed
2026-03-02 08:32:36.136,ask,24981.25,30,0,removed
2026-03-02 08:32:36.652,ask,24983.0,30,0,removed
2026-03-02 08:32:36.808,bid,24965.0,30,2,removed
2026-03-02 08:32:36.952,ask,24983.0,30,0,removed
2026-03-02 08:32:37.356,ask,24984.75,30,1,removed
2026-03-02 08:32:37.464,bid,24965.0,30,3,removed
2026-03-02 08:32:38.064,ask,24985.0,11,0,removed
2026-03-02 08:32:38.536,bid,24961.5,30,2,removed
2026-03-02 08:32:38.536,ask,24983.0,30,1,removed
2026-03-02 08:32:39.120,bid,24963.25,30,0,removed
2026-03-02 08:32:39.288,bid,24980.75,10,0,removed
2026-03-02 08:32:39.872,ask,24983.0,30,1,removed
2026-03-02 08:32:39.928,ask,24983.0,30,0,removed
2026-03-02 08:32:40.204,bid,24971.25,30,5,removed
2026-03-02 08:32:40.548,bid,24971.75,30,1,removed
2026-03-02 08:32:40.660,ask,24983.0,30,1,removed
2026-03-02 08:32:40.816,ask,24992.5,30,0,removed
2026-03-02 08:32:41.152,bid,24977.25,10,3,removed
2026-03-02 08:32:41.152,ask,24992.5,30,0,removed
2026-03-02 08:32:41.736,ask,24992.5,30,1,removed
2026-03-02 08:32:42.160,bid,24971.5,30,0,removed
2026-03-02 08:32:42.260,ask,24995.75,30,0,removed
2026-03-02 08:32:42.508,bid,24976.0,30,2,removed
2026-03-02 08:32:42.508,bid,24977.75,30,2,removed
2026-03-02 08:32:42.508,ask,24999.5,30,2,removed
2026-03-02 08:32:42.940,bid,24976.0,30,1,removed
2026-03-02 08:32:42.940,bid,24977.75,30,1,removed
2026-03-02 08:32:43.556,ask,25001.25,30,2,removed
2026-03-02 08:32:43.920,ask,25001.25,30,0,removed
2026-03-02 08:32:44.220,bid,24977.75,30,5,removed
2026-03-02 08:32:44.744,ask,25001.25,30,2,removed
2026-03-02 08:32:45.192,bid,24982.75,30,3,removed
2026-03-02 08:32:46.888,bid,24982.75,30,12,removed
2026-03-02 08:32:47.392,bid,24980.25,10,3,removed
2026-03-02 08:32:47.788,bid,24977.5,30,1,removed
2026-03-02 08:32:47.968,bid,24979.25,30,1,removed
2026-03-02 08:32:48.476,bid,24983.5,10,0,removed
2026-03-02 08:32:48.592,bid,24985.25,10,0,removed
2026-03-02 08:32:49.108,bid,24981.5,30,0,removed
2026-03-02 08:32:49.888,bid,24979.25,30,5,removed
2026-03-02 08:32:50.828,bid,24977.5,30,3,removed
2026-03-02 08:32:51.096,bid,24977.5,30,0,removed
2026-03-02 08:32:51.712,ask,25001.25,30,2,removed
2026-03-02 08:32:52.344,bid,24977.5,30,6,removed
2026-03-02 08:32:52.756,ask,24997.75,30,1,removed
2026-03-02 08:32:53.340,ask,24996.0,30,2,removed
2026-03-02 08:32:53.696,ask,24996.0,30,1,removed
2026-03-02 08:32:53.848,ask,24999.5,30,0,removed
2026-03-02 08:32:53.916,bid,24976.0,30,9,removed
2026-03-02 08:32:54.048,ask,25001.25,30,0,removed
2026-03-02 08:32:54.340,ask,25001.25,30,0,removed
2026-03-02 08:32:55.600,bid,24979.5,30,11,removed
2026-03-02 08:32:55.600,bid,24977.5,30,4,removed
2026-03-02 08:32:55.600,ask,24997.75,30,1,removed
2026-03-02 08:32:55.772,ask,24999.25,30,1,removed
2026-03-02 08:32:55.848,ask,25001.0,31,0,removed
2026-03-02 08:32:56.072,bid,24979.25,30,3,removed
2026-03-02 08:32:56.244,ask,25002.75,30,0,removed
2026-03-02 08:32:57.024,ask,25006.75,30,3,removed
2026-03-02 08:32:57.196,bid,24979.25,30,6,removed
2026-03-02 08:32:57.416,ask,25008.5,30,1,removed
2026-03-02 08:32:58.052,bid,24986.75,30,5,removed
2026-03-02 08:32:59.152,ask,25008.5,30,9,removed
2026-03-02 08:33:00.088,bid,24984.75,30,15,removed
2026-03-02 08:33:00.088,ask,25008.5,30,4,removed
2026-03-02 08:33:00.344,ask,25008.25,30,0,removed
2026-03-02 08:33:00.492,bid,24984.75,30,0,removed
2026-03-02 08:33:01.720,ask,25010.0,33,6,removed
2026-03-02 08:33:02.028,bid,24984.75,30,8,removed
2026-03-02 08:33:02.156,ask,25010.0,33,1,removed
2026-03-02 08:33:02.156,ask,25008.25,30,1,removed
2026-03-02 08:33:02.496,bid,24987.75,30,4,removed
2026-03-02 08:33:03.436,bid,24986.0,30,6,removed
2026-03-02 08:33:03.436,ask,25010.0,33,0,removed
2026-03-02 08:33:03.544,bid,24986.0,30,0,removed
2026-03-02 08:33:03.764,ask,25010.0,33,0,removed
2026-03-02 08:33:03.764,ask,25009.25,30,0,removed
2026-03-02 08:33:03.980,bid,24986.0,30,0,removed
2026-03-02 08:33:03.980,bid,24990.0,30,0,removed
2026-03-02 08:33:03.980,ask,25011.0,30,1,removed
2026-03-02 08:33:04.208,ask,25018.0,30,0,removed
2026-03-02 08:33:04.592,bid,24986.0,30,0,removed
2026-03-02 08:33:04.592,bid,24990.0,30,0,removed
2026-03-02 08:33:04.800,bid,24986.0,30,0,removed
2026-03-02 08:33:04.800,bid,24990.0,30,0,removed
2026-03-02 08:33:05.000,ask,25019.75,30,2,removed
2026-03-02 08:33:05.000,ask,25022.0,30,2,removed
2026-03-02 08:33:05.044,bid,24986.0,30,0,removed
2026-03-02 08:33:05.044,bid,24990.0,30,0,removed
2026-03-02 08:33:05.180,ask,25020.75,30,0,removed
2026-03-02 08:33:05.344,bid,24986.0,30,0,removed
2026-03-02 08:33:05.344,ask,25022.5,30,1,removed
2026-03-02 08:33:05.808,bid,24986.0,30,1,removed
2026-03-02 08:33:07.356,ask,25024.75,30,6,removed
2026-03-02 08:33:07.896,ask,25024.5,30,2,removed
2026-03-02 08:33:09.088,ask,25022.75,30,7,removed
2026-03-02 08:33:09.608,ask,25021.0,30,4,removed
2026-03-02 08:33:09.712,bid,25002.5,30,0,removed
2026-03-02 08:33:10.508,ask,25025.0,30,1,removed
2026-03-02 08:33:10.584,ask,25025.0,30,0,removed
2026-03-02 08:33:11.096,ask,25021.75,30,2,removed
2026-03-02 08:33:11.528,ask,25021.75,30,1,removed
2026-03-02 08:33:11.528,ask,25023.75,30,1,removed
2026-03-02 08:33:11.964,bid,25000.75,30,34,removed
2026-03-02 08:33:12.148,bid,25001.0,30,0,removed
2026-03-02 08:33:12.496,bid,25001.0,30,0,removed
2026-03-02 08:33:12.496,ask,25021.75,30,8,removed
2026-03-02 08:33:12.672,bid,24997.5,30,0,removed
2026-03-02 08:33:12.868,ask,25021.75,30,3,removed
2026-03-02 08:33:13.456,ask,25021.75,30,0,removed
2026-03-02 08:33:13.456,ask,25019.75,30,0,removed
2026-03-02 08:33:14.012,bid,25001.0,30,0,removed
2026-03-02 08:33:14.704,bid,24995.25,30,4,removed
2026-03-02 08:33:15.172,ask,25020.25,30,3,removed
2026-03-02 08:33:15.352,bid,24999.5,30,1,removed
2026-03-02 08:33:15.732,ask,25020.0,31,0,removed
2026-03-02 08:33:16.196,bid,24999.5,30,4,removed
2026-03-02 08:33:16.576,bid,24999.25,30,2,removed
2026-03-02 08:33:16.832,bid,25001.0,30,2,removed
2026-03-02 08:33:16.832,ask,25022.0,30,7,removed
2026-03-02 08:33:16.916,bid,25002.75,30,0,removed
2026-03-02 08:33:17.936,ask,25022.25,30,6,removed
2026-03-02 08:33:19.128,bid,25001.0,30,19,removed
2026-03-02 08:33:19.196,bid,25002.5,30,0,removed
2026-03-02 08:33:19.196,ask,25022.25,30,9,removed
2026-03-02 08:33:19.376,bid,25009.75,10,0,removed
2026-03-02 08:33:20.148,bid,25004.25,30,1,removed
2026-03-02 08:33:20.148,ask,25024.25,30,5,removed
2026-03-02 08:33:20.564,bid,25004.25,30,1,removed
2026-03-02 08:33:20.564,ask,25024.25,30,2,removed
2026-03-02 08:33:20.944,ask,25022.25,30,1,removed
2026-03-02 08:33:21.040,ask,25024.0,30,0,removed
2026-03-02 08:33:21.144,bid,25002.75,30,3,removed
2026-03-02 08:33:21.368,ask,25025.75,30,2,removed
2026-03-02 08:33:21.476,bid,25004.5,30,2,removed
2026-03-02 08:33:21.880,bid,25002.75,30,2,removed
2026-03-02 08:33:21.880,ask,25024.0,30,2,removed
2026-03-02 08:33:22.224,bid,25001.0,30,1,removed
2026-03-02 08:33:22.800,ask,25024.0,30,6,removed
2026-03-02 08:33:22.888,ask,25017.0,10,0,removed
2026-03-02 08:33:23.088,ask,25024.75,30,1,removed
2026-03-02 08:33:23.924,bid,25005.75,30,1,removed
2026-03-02 08:33:23.924,ask,25028.5,30,1,removed
2026-03-02 08:33:24.896,bid,25000.75,30,21,removed
2026-03-02 08:33:24.896,ask,25026.75,30,3,removed
2026-03-02 08:33:25.120,ask,25026.75,30,0,removed
2026-03-02 08:33:25.948,ask,25030.25,31,0,removed
2026-03-02 08:33:26.172,ask,25027.75,30,1,removed
2026-03-02 08:33:26.416,ask,25029.25,30,1,removed
2026-03-02 08:33:26.864,bid,25007.5,30,15,removed
2026-03-02 08:33:27.060,bid,25007.75,30,1,removed
2026-03-02 08:33:27.060,ask,25031.0,30,5,removed
2026-03-02 08:33:28.192,bid,25007.75,30,0,removed
2026-03-02 08:33:29.316,ask,25031.0,30,0,removed
2026-03-02 08:33:30.308,ask,25031.0,30,9,removed
2026-03-02 08:33:30.440,bid,25006.0,30,28,removed
2026-03-02 08:33:30.636,bid,25001.5,30,1,removed
2026-03-02 08:33:30.856,ask,25031.0,30,0,removed
2026-03-02 08:33:30.856,ask,25025.25,30,0,removed
2026-03-02 08:33:31.512,bid,25004.75,10,2,removed
2026-03-02 08:33:31.752,ask,25031.0,30,2,removed
2026-03-02 08:33:31.752,ask,25025.25,30,2,removed
2026-03-02 08:33:32.652,bid,24992.75,5,0,removed
2026-03-02 08:33:33.132,ask,25031.0,30,4,removed
2026-03-02 08:33:33.348,bid,24999.0,30,0,removed
2026-03-02 08:33:34.004,bid,25005.5,10,0,removed
2026-03-02 08:33:34.184,ask,25031.0,30,4,removed
2026-03-02 08:33:34.440,bid,25005.5,10,2,removed
2026-03-02 08:33:34.540,ask,25023.0,30,0,removed
2026-03-02 08:33:34.868,bid,25005.5,10,0,removed
2026-03-02 08:33:35.128,ask,25031.0,30,4,removed
2026-03-02 08:33:35.224,bid,25002.25,30,2,removed
2026-03-02 08:33:35.596,bid,25004.0,30,2,removed
2026-03-02 08:33:36.588,ask,25031.0,30,3,removed
2026-03-02 08:33:37.012,bid,25003.75,30,6,removed
2026-03-02 08:33:37.012,bid,25004.5,30,4,removed
2026-03-02 08:33:37.012,ask,25031.0,30,0,removed
2026-03-02 08:33:37.012,ask,25025.0,30,0,removed
2026-03-02 08:33:37.212,ask,25031.0,30,0,removed
2026-03-02 08:33:37.212,ask,25025.0,30,0,removed
2026-03-02 08:33:37.720,bid,25003.75,30,4,removed
2026-03-02 08:33:37.720,ask,25031.0,30,0,removed
2026-03-02 08:33:37.824,ask,25025.0,30,0,removed
2026-03-02 08:33:38.000,ask,25023.25,30,0,removed
2026-03-02 08:33:38.068,bid,25003.75,30,1,removed
2026-03-02 08:33:38.964,ask,25021.5,30,1,removed
2026-03-02 08:33:39.056,bid,24999.75,30,8,removed
2026-03-02 08:33:40.840,bid,25002.25,30,11,removed
2026-03-02 08:33:41.040,bid,25000.25,30,1,removed
2026-03-02 08:33:41.040,ask,25021.5,30,13,removed
2026-03-02 08:33:41.180,ask,25021.5,30,0,removed
2026-03-02 08:33:41.180,ask,25021.75,30,0,removed
2026-03-02 08:33:41.884,ask,25024.25,30,3,removed
2026-03-02 08:33:41.980,bid,25002.25,30,3,removed
2026-03-02 08:33:42.908,bid,24998.0,5,0,removed
2026-03-02 08:33:43.348,ask,25022.5,30,10,removed
2026-03-02 08:33:43.692,bid,24992.75,5,0,removed
2026-03-02 08:33:43.692,ask,25020.0,31,2,removed
2026-03-02 08:33:44.208,bid,24998.75,30,4,removed
2026-03-02 08:33:44.260,bid,25000.5,31,0,removed
2026-03-02 08:33:44.260,ask,25018.25,34,3,removed
2026-03-02 08:33:44.460,ask,25021.5,30,1,removed
2026-03-02 08:33:44.816,bid,25008.5,10,1,removed
2026-03-02 08:33:44.816,ask,25021.5,30,0,removed
2026-03-02 08:33:44.816,ask,25023.5,30,0,removed
2026-03-02 08:33:45.352,bid,24992.75,5,0,removed
2026-03-02 08:33:45.644,ask,25021.5,30,0,removed
2026-03-02 08:33:45.644,ask,25021.75,30,0,removed
2026-03-02 08:33:45.720,bid,25008.25,10,0,removed
2026-03-02 08:33:46.468,ask,25025.5,30,0,removed
2026-03-02 08:33:47.176,bid,25005.75,30,0,removed
2026-03-02 08:33:48.308,ask,25021.75,30,20,removed
2026-03-02 08:33:48.420,ask,25027.0,30,0,removed
2026-03-02 08:33:49.048,ask,25027.0,30,1,removed
2026-03-02 08:33:49.148,ask,25028.75,30,0,removed
2026-03-02 08:33:49.236,bid,25008.0,30,0,removed
2026-03-02 08:33:49.428,bid,25012.0,30,0,removed
2026-03-02 08:33:49.484,ask,25032.25,30,1,removed
2026-03-02 08:33:49.800,bid,25010.25,30,2,removed
2026-03-02 08:33:49.800,ask,25030.5,30,2,removed
2026-03-02 08:33:49.920,ask,25032.25,30,0,removed
2026-03-02 08:33:50.472,bid,25012.0,30,3,removed
2026-03-02 08:33:50.868,bid,25012.25,30,0,removed
2026-03-02 08:33:50.868,ask,25034.0,30,1,removed
2026-03-02 08:33:51.504,bid,25014.5,30,6,removed
2026-03-02 08:33:52.084,ask,25031.25,30,3,removed
2026-03-02 08:33:52.500,bid,25007.0,30,2,removed
2026-03-02 08:33:53.268,bid,25011.0,30,0,removed
2026-03-02 08:33:53.352,ask,25033.25,30,0,removed
2026-03-02 08:33:53.804,bid,25009.25,30,1,removed
2026-03-02 08:33:54.084,bid,25009.25,30,1,removed
2026-03-02 08:33:54.084,ask,25033.25,30,3,removed
2026-03-02 08:33:54.148,bid,25006.25,30,0,removed
2026-03-02 08:33:54.352,bid,25004.25,30,0,removed
2026-03-02 08:33:54.352,ask,25033.25,30,0,removed
2026-03-02 08:33:54.988,ask,25033.25,30,4,removed
2026-03-02 08:33:54.988,ask,25025.75,30,2,removed
2026-03-02 08:33:55.960,bid,25004.0,30,7,removed
2026-03-02 08:33:56.356,ask,25024.0,30,9,removed
2026-03-02 08:33:57.716,bid,25001.75,30,16,removed
2026-03-02 08:33:57.920,bid,25001.75,30,0,removed
2026-03-02 08:33:58.176,ask,25022.0,30,7,removed
2026-03-02 08:33:58.284,bid,24993.25,30,0,removed
2026-03-02 08:33:59.140,bid,24998.0,10,0,removed
2026-03-02 08:33:59.140,ask,25022.0,30,6,removed
2026-03-02 08:33:59.560,bid,24998.0,10,0,removed
2026-03-02 08:33:59.660,ask,25013.5,30,2,removed
2026-03-02 08:34:00.228,bid,24993.25,30,4,removed
2026-03-02 08:34:00.228,ask,25015.0,30,3,removed
2026-03-02 08:34:00.672,bid,24998.0,10,0,removed
2026-03-02 08:34:00.672,ask,25013.25,30,2,removed
2026-03-02 08:34:01.040,ask,25011.5,31,2,removed
2026-03-02 08:34:01.480,ask,25013.0,30,1,removed
2026-03-02 08:34:01.696,bid,24991.5,30,5,removed
2026-03-02 08:34:02.204,bid,24991.5,30,4,removed
2026-03-02 08:34:02.204,bid,24988.5,30,1,removed
2026-03-02 08:34:02.356,bid,24991.5,30,0,removed
2026-03-02 08:34:02.356,bid,24988.5,30,0,removed
2026-03-02 08:34:02.356,ask,25011.75,30,2,removed
2026-03-02 08:34:02.508,ask,25013.25,30,1,removed
2026-03-02 08:34:03.024,bid,24991.5,30,4,removed
2026-03-02 08:34:03.600,ask,25014.75,30,0,removed
2026-03-02 08:34:03.840,bid,24991.25,30,7,removed
2026-03-02 08:34:04.064,bid,24991.25,30,0,removed
2026-03-02 08:34:04.128,bid,24992.75,30,1,removed
2026-03-02 08:34:04.128,bid,24995.0,30,0,removed
2026-03-02 08:34:04.268,ask,25016.5,30,0,removed
2026-03-02 08:34:04.660,bid,24995.0,30,3,removed
2026-03-02 08:34:05.008,bid,24993.25,30,2,removed
2026-03-02 08:34:05.048,ask,25014.0,30,0,removed
2026-03-02 08:34:05.172,bid,24995.0,30,0,removed
2026-03-02 08:34:05.172,ask,25013.75,30,0,removed
2026-03-02 08:34:05.172,ask,25017.25,30,0,removed
2026-03-02 08:34:05.356,ask,25019.0,30,2,removed
2026-03-02 08:34:05.544,bid,24996.75,30,4,removed
2026-03-02 08:34:05.544,ask,25022.5,30,1,removed
2026-03-02 08:34:06.036,ask,25022.5,30,1,removed
2026-03-02 08:34:06.112,ask,25022.25,30,0,removed
2026-03-02 08:34:06.468,ask,25024.0,30,2,removed
2026-03-02 08:34:06.828,bid,25009.25,10,0,removed
2026-03-02 08:34:06.924,ask,25025.75,30,3,removed
2026-03-02 08:34:07.648,ask,25024.0,30,0,removed
2026-03-02 08:34:07.648,ask,25025.75,30,0,removed
2026-03-02 08:34:07.812,bid,25011.0,10,0,removed
2026-03-02 08:34:09.048,ask,25024.0,30,9,removed
2026-03-02 08:34:09.212,ask,25028.25,30,0,removed
2026-03-02 08:34:09.968,bid,25007.5,30,9,removed
2026-03-02 08:34:09.968,ask,25029.75,30,6,removed
2026-03-02 08:34:10.356,ask,25033.25,31,0,removed
2026-03-02 08:34:10.732,bid,25009.0,5,1,removed
2026-03-02 08:34:10.732,ask,25029.25,10,1,removed
2026-03-02 08:34:10.864,ask,25038.5,30,0,removed
2026-03-02 08:34:10.932,bid,25015.0,30,4,removed
2026-03-02 08:34:10.932,bid,25019.25,30,1,removed
2026-03-02 08:34:11.216,ask,25040.25,30,3,removed
2026-03-02 08:34:11.568,ask,25040.25,30,0,removed
2026-03-02 08:34:12.236,bid,25017.5,30,3,removed
2026-03-02 08:34:12.236,ask,25040.25,30,3,removed
2026-03-02 08:34:12.324,bid,25016.0,30,0,removed
2026-03-02 08:34:12.556,bid,25016.0,30,0,removed
2026-03-02 08:34:12.556,ask,25036.5,30,0,removed
2026-03-02 08:34:12.736,bid,25016.0,30,0,removed
2026-03-02 08:34:12.736,ask,25036.5,30,0,removed
2026-03-02 08:34:13.008,ask,25036.5,30,1,removed
2026-03-02 08:34:13.356,bid,25015.5,30,4,removed
2026-03-02 08:34:13.356,ask,25036.5,30,0,removed
2026-03-02 08:34:13.884,bid,25013.75,30,3,removed
2026-03-02 08:34:14.356,bid,25013.75,30,2,removed
2026-03-02 08:34:14.356,bid,25013.5,30,1,removed
2026-03-02 08:34:14.356,ask,25025.75,10,0,removed
2026-03-02 08:34:14.708,ask,25027.5,10,0,removed
2026-03-02 08:34:15.356,ask,25032.0,30,2,removed
2026-03-02 08:34:15.744,ask,25032.0,30,1,removed
2026-03-02 08:34:15.928,bid,25013.75,30,11,removed
2026-03-02 08:34:16.028,ask,25032.0,30,1,removed
2026-03-02 08:34:16.172,ask,25028.5,30,0,removed
2026-03-02 08:34:16.512,ask,25030.25,31,0,removed
2026-03-02 08:34:17.132,ask,25030.25,31,2,removed
2026-03-02 08:34:17.228,bid,25009.75,30,11,removed
2026-03-02 08:34:17.428,ask,25030.25,31,0,removed
2026-03-02 08:34:17.820,bid,25009.75,30,0,removed
2026-03-02 08:34:17.820,bid,25006.25,30,0,removed
2026-03-02 08:34:18.548,bid,25009.75,30,0,removed
2026-03-02 08:34:18.548,bid,25004.25,30,0,removed
2026-03-02 08:34:18.860,ask,25028.5,30,13,removed
2026-03-02 08:34:19.112,ask,25025.0,32,1,removed
2026-03-02 08:34:19.632,bid,25009.75,30,1,removed
2026-03-02 08:34:19.632,bid,25002.5,30,1,removed
2026-03-02 08:34:19.724,ask,25025.0,32,2,removed
2026-03-02 08:34:20.076,ask,25022.0,30,2,removed
2026-03-02 08:34:20.420,ask,25022.0,30,1,removed
2026-03-02 08:34:20.760,ask,25026.25,30,1,removed
2026-03-02 08:34:21.004,bid,25009.75,30,1,removed
2026-03-02 08:34:21.004,bid,25004.75,30,1,removed
2026-03-02 08:34:21.080,ask,25028.0,30,2,removed
2026-03-02 08:34:21.260,bid,25009.75,30,0,removed
2026-03-02 08:34:21.456,ask,25031.5,30,2,removed
2026-03-02 08:34:21.456,ask,25028.0,30,2,removed
2026-03-02 08:34:21.748,ask,25031.5,30,0,removed
2026-03-02 08:34:22.096,bid,25004.75,30,9,removed
2026-03-02 08:34:22.596,bid,25010.5,30,4,removed
2026-03-02 08:34:22.836,bid,25009.0,30,1,removed
2026-03-02 08:34:23.236,ask,25029.75,30,13,removed
2026-03-02 08:34:23.360,ask,25028.0,30,0,removed
2026-03-02 08:34:23.536,bid,25007.25,30,1,removed
2026-03-02 08:34:24.088,ask,25028.0,30,5,removed
2026-03-02 08:34:24.832,ask,25029.75,30,4,removed
2026-03-02 08:34:25.028,bid,25006.25,30,11,removed
2026-03-02 08:34:25.728,bid,25013.5,30,0,removed
2026-03-02 08:34:25.728,ask,25031.75,30,0,removed
2026-03-02 08:34:25.876,ask,25027.75,10,0,removed
2026-03-02 08:34:26.188,bid,25014.25,30,0,removed
2026-03-02 08:34:26.500,bid,25016.0,10,2,removed
2026-03-02 08:34:26.500,ask,25025.75,10,0,removed
2026-03-02 08:34:26.708,ask,25025.75,10,0,removed
2026-03-02 08:34:27.040,ask,25025.75,10,1,removed
2026-03-02 08:34:27.480,bid,25014.25,30,2,removed
2026-03-02 08:34:27.480,ask,25031.75,30,3,removed
2026-03-02 08:34:28.112,ask,25033.5,30,3,removed
2026-03-02 08:34:28.524,ask,25035.0,31,3,removed
2026-03-02 08:34:28.628,bid,25012.5,30,5,removed
2026-03-02 08:34:28.976,ask,25037.25,30,0,removed
2026-03-02 08:34:29.036,bid,25012.5,30,0,removed
2026-03-02 08:34:29.228,bid,25018.75,30,5,removed
2026-03-02 08:34:29.356,ask,25046.75,30,3,removed
2026-03-02 08:34:29.592,bid,25021.25,40,0,removed
2026-03-02 08:34:29.948,ask,25045.0,30,2,removed
2026-03-02 08:34:31.580,ask,25045.0,30,8,removed
2026-03-02 08:34:31.876,bid,25030.5,30,3,removed
2026-03-02 08:34:32.184,bid,25032.75,40,0,removed
2026-03-02 08:34:32.292,ask,25054.75,30,3,removed
2026-03-02 08:34:33.224,bid,25035.0,30,0,removed
2026-03-02 08:34:33.428,bid,25036.75,30,0,removed
2026-03-02 08:34:33.556,ask,25056.25,30,7,removed
2026-03-02 08:34:34.196,ask,25056.25,30,2,removed
2026-03-02 08:34:35.044,bid,25036.75,30,0,removed
2026-03-02 08:34:35.228,ask,25058.75,30,2,removed
2026-03-02 08:34:35.544,ask,25057.0,30,0,removed
2026-03-02 08:34:35.664,ask,25052.5,10,0,removed
2026-03-02 08:34:36.324,ask,25052.5,10,3,removed
2026-03-02 08:34:36.604,ask,25057.0,31,1,removed
2026-03-02 08:34:36.792,ask,25052.5,10,0,removed
2026-03-02 08:34:36.984,ask,25061.0,30,0,removed
2026-03-02 08:34:37.260,bid,25040.25,30,0,removed
2026-03-02 08:34:38.248,bid,25035.0,30,31,removed
2026-03-02 08:34:38.560,bid,25046.0,10,0,removed
2026-03-02 08:34:38.672,bid,25042.0,30,0,removed
2026-03-02 08:34:38.788,ask,25064.75,30,0,removed
2026-03-02 08:34:39.672,ask,25066.0,30,1,removed
2026-03-02 08:34:40.512,ask,25067.75,30,0,removed
2026-03-02 08:34:41.208,bid,25047.75,30,4,removed
2026-03-02 08:34:41.208,ask,25071.75,30,3,removed
2026-03-02 08:34:43.220,ask,25075.25,30,11,removed
2026-03-02 08:34:43.360,bid,25047.75,30,9,removed
2026-03-02 08:34:43.360,ask,25073.5,30,0,removed
2026-03-02 08:34:44.612,bid,25051.25,30,6,removed
2026-03-02 08:34:44.612,ask,25071.75,30,6,removed
2026-03-02 08:34:44.808,ask,25071.75,30,1,removed
2026-03-02 08:34:45.184,ask,25071.75,30,0,removed
2026-03-02 08:34:45.652,bid,25049.75,30,6,removed
2026-03-02 08:34:46.380,ask,25071.75,30,6,removed
2026-03-02 08:34:46.768,bid,25055.25,10,2,removed
2026-03-02 08:34:47.604,ask,25068.25,30,3,removed
2026-03-02 08:34:47.948,bid,25047.75,30,4,removed
2026-03-02 08:34:47.948,bid,25049.5,30,0,removed
2026-03-02 08:34:48.048,ask,25070.25,30,3,removed
2026-03-02 08:34:49.016,ask,25072.0,30,4,removed
2026-03-02 08:34:49.424,bid,25047.75,30,5,removed
2026-03-02 08:34:49.740,bid,25049.0,30,2,removed
2026-03-02 08:34:50.008,bid,25047.25,30,0,removed
2026-03-02 08:34:50.596,bid,25047.25,30,3,removed
2026-03-02 08:34:50.888,bid,25047.25,30,0,removed
2026-03-02 08:34:51.224,bid,25047.25,30,0,removed
2026-03-02 08:34:51.224,bid,25046.25,30,0,removed
2026-03-02 08:34:51.224,ask,25069.0,30,5,removed
2026-03-02 08:34:51.532,bid,25044.25,30,1,removed
2026-03-02 08:34:51.612,bid,25047.25,30,2,removed
2026-03-02 08:34:51.612,ask,25064.0,30,0,removed
2026-03-02 08:34:51.744,bid,25047.25,30,0,removed
2026-03-02 08:34:51.744,bid,25042.5,30,0,removed
2026-03-02 08:34:52.632,bid,25042.5,30,0,removed
2026-03-02 08:34:52.632,bid,25042.75,30,0,removed
2026-03-02 08:34:53.136,bid,25042.75,30,0,removed
2026-03-02 08:34:54.172,bid,25042.5,30,6,removed
2026-03-02 08:34:54.300,bid,25038.0,30,0,removed
2026-03-02 08:34:54.704,bid,25033.25,5,1,removed
2026-03-02 08:34:55.220,bid,25039.75,30,1,removed
2026-03-02 08:34:56.168,bid,25039.75,30,2,removed
2026-03-02 08:34:56.168,ask,25060.5,30,0,removed
2026-03-02 08:34:57.060,bid,25039.75,30,0,removed
2026-03-02 08:34:57.784,bid,25039.75,30,2,removed
2026-03-02 08:34:58.664,ask,25060.0,30,0,removed
2026-03-02 08:34:59.464,ask,25058.25,30,1,removed
2026-03-02 08:35:00.176,ask,25060.0,30,1,removed
2026-03-02 08:35:00.620,bid,25040.5,30,2,removed
2026-03-02 08:35:00.808,bid,25040.5,30,0,removed
2026-03-02 08:35:00.880,bid,25046.5,30,0,removed
2026-03-02 08:35:02.276,bid,25042.0,30,2,removed
2026-03-02 08:35:02.552,ask,25066.25,30,1,removed
2026-03-02 08:35:02.708,ask,25068.0,30,0,removed
2026-03-02 08:35:02.728,bid,25044.0,30,3,removed
2026-03-02 08:35:02.728,ask,25066.25,30,0,removed
2026-03-02 08:35:02.768,bid,25042.25,30,1,removed
2026-03-02 08:35:02.816,bid,25040.5,30,1,removed
2026-03-02 08:35:03.736,bid,25036.75,30,0,removed
2026-03-02 08:35:03.748,bid,25042.25,10,0,removed
2026-03-02 08:35:04.236,bid,25044.0,10,1,removed
2026-03-02 08:35:04.236,ask,25058.75,30,4,removed
2026-03-02 08:35:04.420,bid,25038.5,30,1,removed
2026-03-02 08:35:04.748,ask,25062.0,30,3,removed
2026-03-02 08:35:05.064,bid,25038.5,30,5,removed
2026-03-02 08:35:05.472,bid,25038.5,30,5,removed
2026-03-02 08:35:05.564,bid,25041.75,30,0,removed
2026-03-02 08:35:06.064,bid,25038.25,30,4,removed
2026-03-02 08:35:06.112,ask,25062.0,30,5,removed
2026-03-02 08:35:06.200,ask,25063.75,30,0,removed
2026-03-02 08:35:06.424,bid,25040.0,31,1,removed
2026-03-02 08:35:06.516,bid,25044.75,30,0,removed
2026-03-02 08:35:07.156,bid,25041.0,30,0,removed
2026-03-02 08:35:07.156,ask,25062.0,31,0,removed
2026-03-02 08:35:07.880,ask,25062.0,31,5,removed
2026-03-02 08:35:08.412,ask,25062.0,31,2,removed
2026-03-02 08:35:08.472,ask,25061.75,30,0,removed
2026-03-02 08:35:08.584,bid,25038.5,30,0,removed
2026-03-02 08:35:08.584,ask,25058.0,30,0,removed
2026-03-02 08:35:08.652,bid,25036.75,30,0,removed
2026-03-02 08:35:09.252,ask,25059.75,30,2,removed
2026-03-02 08:35:09.460,bid,25041.0,10,0,removed
2026-03-02 08:35:09.928,ask,25054.75,30,0,removed
2026-03-02 08:35:10.020,bid,25033.0,30,2,removed
2026-03-02 08:35:10.084,bid,25030.75,30,0,removed
2026-03-02 08:35:10.540,bid,25034.25,30,0,removed
2026-03-02 08:35:10.804,bid,25034.25,30,1,removed
2026-03-02 08:35:10.952,ask,25058.0,30,0,removed
2026-03-02 08:35:11.312,bid,25034.25,30,3,removed
2026-03-02 08:35:11.672,bid,25036.0,30,6,removed
2026-03-02 08:35:12.012,ask,25063.25,30,1,removed
2026-03-02 08:35:12.392,bid,25036.0,30,1,removed
2026-03-02 08:35:13.400,bid,25041.25,30,8,removed
2026-03-02 08:35:13.400,bid,25041.5,30,3,removed
2026-03-02 08:35:13.676,bid,25041.25,30,1,removed
2026-03-02 08:35:13.676,bid,25041.5,30,1,removed
2026-03-02 08:35:14.860,bid,25041.25,30,8,removed
2026-03-02 08:35:15.292,ask,25061.5,30,4,removed
2026-03-02 08:35:15.380,ask,25061.0,30,0,removed
2026-03-02 08:35:15.964,ask,25063.0,30,4,removed
2026-03-02 08:35:16.412,bid,25041.25,30,12,removed
2026-03-02 08:35:16.672,ask,25061.75,30,5,removed
2026-03-02 08:35:17.072,bid,25041.25,30,2,removed
2026-03-02 08:35:17.072,ask,25061.75,30,0,removed
2026-03-02 08:35:17.916,bid,25041.25,30,7,removed
2026-03-02 08:35:18.004,bid,25045.0,40,0,removed
2026-03-02 08:35:18.292,ask,25061.75,30,9,removed
2026-03-02 08:35:18.500,bid,25042.25,30,0,removed
2026-03-02 08:35:19.284,bid,25038.75,30,5,removed
2026-03-02 08:35:19.368,bid,25041.25,10,0,removed
2026-03-02 08:35:19.600,ask,25051.5,10,0,removed
2026-03-02 08:35:19.712,bid,25037.0,30,1,removed
2026-03-02 08:35:20.064,bid,25035.25,30,2,removed
2026-03-02 08:35:20.252,bid,25033.5,30,0,removed
2026-03-02 08:35:20.296,bid,25032.0,30,0,removed
2026-03-02 08:35:20.440,ask,25053.25,30,1,removed
2026-03-02 08:35:20.576,ask,25053.25,30,0,removed
2026-03-02 08:35:20.624,bid,25032.0,31,0,removed
2026-03-02 08:35:21.372,ask,25053.25,30,0,removed
2026-03-02 08:35:21.652,bid,25034.25,30,3,removed
2026-03-02 08:35:21.652,bid,25032.5,30,2,removed
2026-03-02 08:35:21.880,bid,25033.5,30,1,removed
2026-03-02 08:35:22.004,ask,25055.0,30,0,removed
2026-03-02 08:35:22.308,ask,25056.75,30,1,removed
2026-03-02 08:35:22.636,ask,25058.5,30,2,removed
2026-03-02 08:35:23.124,ask,25056.5,30,1,removed
2026-03-02 08:35:24.148,ask,25056.5,30,7,removed
2026-03-02 08:35:24.812,ask,25056.5,30,3,removed
2026-03-02 08:35:25.576,ask,25056.5,30,0,removed
2026-03-02 08:35:26.420,ask,25056.5,30,3,removed
2026-03-02 08:35:29.064,bid,25039.25,5,0,removed
2026-03-02 08:35:29.468,bid,25039.25,5,1,removed
2026-03-02 08:35:29.880,bid,25044.5,5,0,removed
2026-03-02 08:35:32.092,bid,25039.25,5,3,removed
2026-03-02 08:35:32.700,bid,25033.75,5,0,removed
2026-03-02 08:35:52.728,ask,25072.75,5,0,removed
2026-03-02 08:35:53.528,ask,25072.75,5,0,removed
2026-03-02 08:35:54.424,ask,25072.75,5,0,removed
2026-03-02 08:35:56.308,ask,25072.75,5,0,removed
2026-03-02 08:35:57.052,ask,25072.75,5,0,removed
2026-03-02 08:35:57.256,ask,25072.75,5,0,removed
2026-03-02 08:35:57.516,ask,25072.75,5,1,removed
2026-03-02 08:35:57.776,ask,25072.75,5,0,removed
2026-03-02 08:35:58.068,ask,25072.75,5,0,removed
2026-03-02 08:35:58.628,ask,25072.75,5,0,removed
2026-03-02 08:35:59.712,ask,25072.75,5,1,removed
2026-03-02 08:36:00.220,ask,25072.75,5,2,removed
2026-03-02 08:36:01.044,ask,25072.75,5,7,removed
2026-03-02 08:36:01.412,ask,25072.75,5,1,removed
2026-03-02 08:36:01.684,ask,25100.0,21,0,removed
2026-03-02 08:36:01.728,ask,25072.75,5,0,removed
2026-03-02 08:36:01.836,ask,25100.0,21,0,removed
2026-03-02 08:36:01.976,ask,25072.75,5,0,removed
2026-03-02 08:36:02.088,ask,25100.0,21,0,removed
2026-03-02 08:36:02.836,ask,25072.75,5,1,removed
2026-03-02 08:36:03.188,ask,25072.75,5,1,removed
2026-03-02 08:36:03.544,ask,25072.75,5,0,removed
2026-03-02 08:36:03.796,ask,25100.0,21,0,removed
2026-03-02 08:36:03.972,ask,25100.0,21,0,removed
2026-03-02 08:36:04.136,ask,25072.75,5,0,removed
2026-03-02 08:36:05.632,ask,25072.75,5,0,removed
2026-03-02 08:36:05.804,ask,25072.75,5,0,removed
2026-03-02 08:36:05.920,ask,25100.0,21,0,removed
2026-03-02 08:36:06.140,ask,25072.75,5,1,removed
2026-03-02 08:36:06.244,ask,25100.0,21,0,removed
2026-03-02 08:36:06.336,ask,25072.75,5,0,removed
2026-03-02 08:36:06.472,ask,25100.0,21,0,removed
2026-03-02 08:36:06.620,ask,25100.0,21,0,removed
2026-03-02 08:36:06.760,ask,25072.75,5,0,removed
2026-03-02 08:36:07.232,ask,25072.75,5,1,removed
2026-03-02 08:36:07.304,ask,25100.0,21,0,removed
2026-03-02 08:36:07.444,ask,25072.75,5,0,removed
2026-03-02 08:36:07.620,ask,25100.0,21,1,removed
2026-03-02 08:36:07.708,ask,25072.75,5,0,removed
2026-03-02 08:36:07.920,ask,25100.0,21,1,removed
2026-03-02 08:36:08.072,ask,25100.0,21,0,removed
2026-03-02 08:36:08.684,ask,25072.75,5,3,removed
2026-03-02 08:36:09.668,ask,25072.75,5,6,removed
2026-03-02 08:36:10.052,ask,25100.0,21,0,removed
2026-03-02 08:36:10.324,ask,25072.75,5,2,removed
2026-03-02 08:36:10.460,ask,25100.0,21,0,removed
2026-03-02 08:36:10.732,ask,25100.0,21,0,removed
2026-03-02 08:36:11.620,ask,25100.0,21,0,removed
2026-03-02 08:36:12.692,ask,25100.0,21,1,removed
2026-03-02 08:36:13.060,ask,25100.0,21,1,removed
2026-03-02 08:36:14.184,ask,25100.0,21,0,removed
2026-03-02 08:36:15.444,ask,25100.0,21,0,removed
2026-03-02 08:36:15.688,ask,25100.0,21,0,removed
2026-03-02 08:36:15.864,ask,25100.0,21,0,removed
2026-03-02 08:36:16.120,ask,25100.0,21,0,removed
2026-03-02 08:36:16.496,ask,25100.0,21,0,removed
2026-03-02 08:36:17.156,ask,25100.0,21,2,removed
2026-03-02 08:36:17.720,ask,25100.0,21,0,removed
2026-03-02 08:36:18.008,ask,25100.0,21,1,removed
2026-03-02 08:36:18.668,ask,25080.0,6,0,removed
2026-03-02 08:36:18.828,ask,25100.0,21,1,removed
2026-03-02 08:36:19.088,ask,25100.0,21,0,removed
2026-03-02 08:36:19.564,ask,25100.0,21,0,removed
2026-03-02 08:36:19.728,ask,25100.0,21,0,removed
2026-03-02 08:36:20.176,ask,25100.0,21,0,removed
2026-03-02 08:36:21.260,ask,25100.0,21,0,removed
2026-03-02 08:36:21.524,ask,25100.0,21,1,removed
2026-03-02 08:36:21.976,ask,25100.0,21,0,removed
2026-03-02 08:36:22.852,ask,25080.0,6,0,removed
2026-03-02 08:36:23.084,ask,25100.0,21,0,removed
2026-03-02 08:36:23.804,ask,25100.0,21,0,removed
2026-03-02 08:36:24.100,ask,25100.0,21,0,removed
2026-03-02 08:36:24.424,ask,25100.0,21,1,removed
2026-03-02 08:36:24.788,ask,25100.0,21,1,removed
2026-03-02 08:36:25.016,ask,25100.0,21,0,removed
2026-03-02 08:36:25.292,ask,25100.0,21,1,removed
2026-03-02 08:36:26.452,ask,25100.0,21,0,removed
2026-03-02 08:36:26.632,ask,25100.0,21,0,removed
2026-03-02 08:36:26.980,ask,25100.0,21,0,removed
2026-03-02 08:36:27.440,ask,25100.0,21,1,removed
2026-03-02 08:36:27.620,ask,25100.0,21,0,removed
2026-03-02 08:36:28.456,ask,25100.0,21,0,removed
2026-03-02 08:36:28.940,ask,25100.0,21,1,removed
2026-03-02 08:36:29.140,ask,25100.0,21,0,removed
2026-03-02 08:36:29.576,ask,25100.0,21,1,removed
2026-03-02 08:36:29.864,ask,25100.0,21,1,removed
2026-03-02 08:36:29.984,ask,25100.0,21,0,removed
2026-03-02 08:36:30.608,ask,25100.0,21,1,removed
2026-03-02 08:36:31.088,ask,25100.0,21,0,removed
2026-03-02 08:36:31.820,ask,25100.0,21,0,removed
2026-03-02 08:36:32.380,ask,25100.0,21,0,removed
2026-03-02 08:36:32.620,ask,25100.0,21,0,removed
2026-03-02 08:36:32.960,ask,25100.0,21,0,removed
